@thesis{TesisAct,
author = {Zepeda Herrera, Fernando Antonio},
title = {Análisis y modelado bayesiano de las configuraciones sociales del Front National en las elecciones presidenciales de 2012},
type = {Tesis para obtener el grado de {L}icenciado en {A}ctuaría},
institution = {Instituto {T}ecnológico {A}utónomo de {M}éxico ({ITAM})},
location = {Ciudad de {M}éxico},
year = {2019},
note = {En proceso de dictamen}
}
