@Article{Boily05,
author = {Boily, Frédéric},
title = {Aux sources idéologiques du Front national},
subtitle = {Le mariage du traditionalisme et du populisme},
journal = {Politiques et Sociétés},
year = {2005},
volume = {24},
issue = {1},
pages = {23-47},
}

@Article{Linz90,
author = {Linz, Juan J.},
title = {The Perils of Presidentialism},
journal = {Journal of Democracy},
publisher = {The Johns Hopkins University Press},
year = {1990},
volume = {1},
issue = {1},
pages = {51-69},
}

@Article{Veser99,
author = {Veser, Ernst},
title = {Semi-presidentialism-Duverger's Concept},
subtitle = {A new political system model},
journal = {Journal of Social Sciences and Philosphy},
publisher = {Research Center for Humanities and Social Sciences},
year = {1999},
volume = {11},
issue = {1},
pages = {39-60},
}

@Article{Carpizo04,
author = {Carpizo, Jorge},
title = {México: ¿sistema presidencial o parlamentario?},
journal = {Revista Latinoamericana de Derecho},
year = {2004},
volume = {1},
issue = {1},
pages = {1-37},
}

@Article{Marrani09,
author = {Marrani, David},
title = {Semi-Presidentialism à la française},
subtitle = {the Recent Constitutional Evolution of the Two Headed Executive},
journal = {Constitutional Forum},
year = {2009},
volume = {18},
issue = {2},
pages = {55-67},
}

@online{PresFr07,
author = {{Ministère de l'Intérieur}},
title = {Election présidentielle 2007 – Résultats par bureaux de vote},
year = {2015},
url = {https://www.data.gouv.fr/fr/datasets/election-presidentielle-2007-resultats-par-bureaux-de-vote/},
}

@online{LegisFr07,
author = {{Ministère de l'Intérieur}},
title = {Election législatives 2007 – Résultats par bureaux de vote},
year = {2015},
url = {https://www.data.gouv.fr/fr/datasets/elections-legislatives-2007-resultats-par-bureaux-de-vote/},
}

@online{PresFr12,
author = {{Ministère de l'Intérieur}},
title = {Election présidentielle 2012 – Résultats par bureaux de vote},
year = {2015},
url = {https://www.data.gouv.fr/fr/datasets/election-presidentielle-2012-resultats-par-bureaux-de-vote-1/},
}

@online{LegisFr12,
author = {{Ministère de l'Intérieur}},
title = {Election législatives 2012 – Résultats par bureaux de vote},
year = {2015},
url = {https://www.data.gouv.fr/fr/datasets/elections-legislatives-2012-resultats-par-bureaux-de-vote/},
}

@online{IMG107,
author = {{INSEE}},
title = {IMG1 – Population par sexe, âge, et situation quant à l'immigration},
year = {2007},
url = {https://www.insee.fr/fr/statistiques/2120456?sommaire=2402753},
}

@online{NAT3A07,
author = {{INSEE}},
title = {NAT3A – Population par sexe, catégorie socioprofessionnelle et nationalité},
year = {2007},
url = {https://www.insee.fr/fr/statistiques/2120357?sommaire=2402753},
}

@online{IMG2A12,
author = {{INSEE}},
title = {IMG2A – Population de 15 ans ou plus par sexe, âge, situation quant à l'immigration et type d'activité},
year = {2012},
url = {https://www.insee.fr/fr/statistiques/2046640?sommaire=2117804},
}

@online{NAT3A12,
author = {{INSEE}},
title = {NAT3A – Population par sexe, catégorie socioprofessionnelle et nationalité},
year = {2012},
url = {https://www.insee.fr/fr/statistiques/2120456?sommaire=2402753},
}

@Book{LeBras15,
author = {Le Bras, Hervé},
title = {Le Pari du FN},
publisher = {Éditions Autrement},
year = {2015},
month = {10},
location = {París},
isbn = {978-2-7467-4126-3},
}

@Book{LeBras16,
author = {Le Bras, Hervé},
title = {Le nouvel ordre électoral},
subtitle = {Tripartisme contre démocracie},
publisher = {Éditions du Seuil et La République des idées},
year = {2016},
month = {3},
location = {Chambray-lès-Tours},
isbn = {978-2-02-130028-4},
}

@Book{Stockemer17,
author = {Stockemer, Daniel},
title = {The Front National in France},
subtitle = {Continuity and Change Under Jean-Marie Le Pen and Marine Le Pen},
publisher = {Springer},
year = {2017},
isbn = {978-3-319-49639-9},
}

@InCollection{Williams12,
author = {Williams, Michelle Hale},
editor = {Mammone, Andrea and Godin, Emmanuel and Jenkins, Brian},
booktitle = {Mapping the Extreme Right in Contemporary Europe: From local to transnational},
title = {Downside after the summit: Factors in extreme-right party decline in France and Austria},
chapter = {16},
publisher = {Routledge},
year = {2012},
pages = {254-269},
}

@InCollection{Crepon15,
author = {Crépon, Sylvain},
editor = {Crépon, Sylvain and Dézé, Alexandre and Mayer, Nonna},
title = {La politique des m\oe{}urs au Front National},
chapter = {8},
booktitle = {Les faux-semblants du Front National: sociologie d'un parti politique},
year = {2015},
publisher = {Presses de SciencesPo},
location = {Paris},
year = {2015},
pages = {185-205},
}

@InCollection{CreponEtAl15,
editor = {Crépon, Sylvain and Dézé, Alexandre and Mayer, Nonna},
title = {Repères chronologiques},
booktitle = {Les faux-semblants du Front National: sociologie d'un parti politique},
year = {2015},
publisher = {Presses de SciencesPo},
location = {Paris},
year = {2015},
pages = {545-557},
}

@InCollection{Hainsworth16b,
author = {Hainsworth, Paul},
editor = {Hainsworth, Paul},
booktitle = {The Politics of the Extreme Right: From the Margins to the Mainstream},
chapter = {2},
title = {The Front National: from ascendancy to fragmentation on the French extreme right},
publisher = {Bloomsbury Academic},
origdate = {2000},
year = {2016},
pages = {18-32},
isbn = {978-1-4742-9095-1},
}

@Article{Goodliffe16,
author = {Goodliffe, Gabriel},
title = {From Political Fringe to Political Mainstream},
subtitle = {The Front National and the 2014 Municipal Elections in France},
journal = {French Politics, Culture \& Society},
year = {2016},
volume = {34},
issue = {3},
pages = {126-147},
month = {diciembre},
}

@Misc{InaPolitique97,
author = {{Ina Politique}},
title = {Marie Caroline Le Pen Mantes},
url = {"https://www.youtube.com/watch?v=pjaOlSbemHE"},
day = {2},
month = {7},
year = {2012},
note = {Consultado el 11 de noviembre de 2017},
}

@Misc{LesEchos99,
author = {{Les Echos}},
title = {La condamnation de Le Pen à un an d'inéligibilité confirmée},
url = {"https://www.lesechos.fr/24/11/1999/LesEchos/18032-181-ECH_la-condamnation-de-le-pen-a-un-an-d-ineligibilite-confirmee.htm"},
day = {24},
month = {11},
year = {1999},
note = {Consultado el 11 de noviembre de 2017},
}

@Misc{ViePublique01,
author = {Le Pen, Jean Marie},
title = {Déclaration de M. Jean-Marie Le Pen, président du Front national et candidat à l'élection présidentielle de 2002 sur le terrorisme, l'identité nationale, l'immigration, le manque de sécurité, son programme électoral pour l'élection présidentielle de 2002},
url = {"http://discours.vie-publique.fr/notices/013003238.html"},
day = {23},
month = {09},
year = {2001},
}

@Misc{LObs07,
author = {{L'Obs}},
title = {Le programme de Jean-Marie Le Pen},
url = {"https://www.nouvelobs.com/politique/elections-2007/20070224.OBS4060/le-programme-de-jean-marie-le-pen.html"},
day = {27},
month = {08},
year = {2007},
note = {Consultado el 26 de marzo de 2018},
}

@Misc{LePen12,
author = {{Front National}},
title = {Mon Projet},
subtitle = {Pour la France et les français},
url = {"http://www.frontnational.com/pdf/projet_mlp2012.pdf"},
year = {2012},
note = {Consultado el 26 de marzo de 2018},
}

@Misc{LeMonde12,
author = {Mestre, Abel},
title = {Le FN n'est plus le même, mais a-t-il vraiment changé?},
url = {"http://www.lemonde.fr/culture/article/2012/09/20/le-front-national-n-est-plus-le-meme-mais-a-t-il-vraiment-change_1763234_3246.html"},
day = {20},
month = {09},
year = {2012},
note = {Consultado el 26 de marzo de 2018},
}

@Misc{LeParisien13,
author = {{Le Parisien}},
title = {Marine Le Pen : les origines du FN ne sont «absolument pas» à l'extrême droite},
url = {"http://www.leparisien.fr/politique/marine-le-pen-les-origines-du-fn-ne-sont-absolument-pas-a-l-extreme-droite-03-10-2013-3192605.php"},
day = {3},
month = {10},
year = {2013},
}

@Misc{Ifop14a,
author = {Ifop},
title = {Les frontières du Front: analyse sur la dynamique frontiste en milieu péri-urbain},
journal = {Focus},
month = {enero},
year = {2014},
url = {http://www.ifop.com/?option=com_publication&type=publication&id=676},
}

@Misc{Ifop14b,
author = {Ifop},
title = {Les enseignements de la poussée frontiste
au 1er tour des municipales},
journal = {Focus},
month = {marzo},
year = {2014},
url = {http://www.ifop.fr/?option=com_publication&type=publication&id=700},
}

@Misc{Ifop14c,
author = {Ifop},
title = {Premières analyses sur les résultats du FN au 2nd tour des municipales},
journal = {Focus},
month = {abril},
year = {2014},
url = {http://www.ifop.com/?option=com_publication&type=publication&id=708},
}

@Misc{Leprince16,
author = {Leprince, Chloé},
title = {``Establishment'', une béquille lexicale populiste de Jean-Marie Le Pen à Donald Trump},
year = {2016},
month = {10},
url = {https://www.franceculture.fr/emissions/le-mot-de-la-semaine/establishment-une-bequille-lexicale-populiste-de-jean-marie-le-pen},
}

@Misc{Gross16,
author = {Gross, Estelle},
title = {Marine Le Pen change de slogan : ``Une ligne populiste assumée''},
year = {2016},
month = {9},
day = {19},
url = {https://www.nouvelobs.com/politique/election-presidentielle-2017/20160919.OBS8333/marine-le-pen-change-de-slogan-une-ligne-populiste-assumee.html},
notes = {Entrevista a Nicolas Lebourg},
}

@Misc{LePen16,
author = {{Le Monde}},
title = {Marine Le Pen prône la fin de l’éducation gratuite pour les enfants étrangers},
year = {2016},
month = {11},
url = {http://www.lemonde.fr/election-presidentielle-2017/article/2016/12/08/marine-le-pen-prone-la-fin-de-l-education-gratuite-pour-les-enfants-etrangers_5045648_4854003.html},
}

@Misc{LeTemps17,
author = {Delafoi, Florian},
title = {Front national (1971-2017)},
year = {2017},
url = {https://www.letemps.ch/monde/front-national-19712017},
}

@Misc{Marin17,
author = {Marin, Grégory},
title = {Front national. Sylvain Crépon: «Les cadres du parti le disent, leur avenir est à droite»},
day = {23},
month = {6},
year = {2017},
url = {https://www.humanite.fr/front-national-sylvain-crepon-les-cadres-du-parti-le-disent-leur-avenir-est-droite-637922},
note = {Entrevista a Sylvain Crépon. Consultado el 12 de noviembre de 2017.},
}

@Misc{CDansLAir17,
author = {{C dans l'air}},
title = {Règlement de comptes au FN},
url = {https://www.youtube.com/watch?v=rdWfY7clIco&index=84&list=PL4_by8YNrJv-2o8tOvIHY0Q5TAhorDiin},
day = {21},
month = {7},
year = {2017},
note = {Consultado el 12 de noviembre de 2017},
}

@Misc{Capo17,
author = {Capo, Dominique},
title = {21 Avril 2002, le choc, deuxième partie},
url = {"https://www.youtube.com/watch?v=v0T-kmHUVlA"},
day = {11},
month = {8},
year = {2017},
note = {Consultado el 11 de noviembre de 2017},
}

@Misc{Berteloot17,
author = {Berteloot, Tristan},
title = {Pour Philippot, l'humiliation ou l'exil},
day = {19},
month = {9},
year = {2017},
url = {https://oeilsurlefront.liberation.fr/les-idees/2017/09/19/pour-philippot-l-humiliation-ou-l-exil_1597506},
note = {Consultado el 12 de noviembre de 2017.},
}

@Misc{Galtier17,
author = {Galtier, Ludovic},
title = {Philippot: le FN «fait un retour en arrière terrifiant» sur sa ligne},
day = {20},
month = {9},
year = {2017},
url = {http://www.rtl.fr/actu/politique/philippot-le-front-national-fait-un-retour-en-arriere-terrifiant-sur-sa-ligne-7790173335},
note = {Consultado el 12 de noviembre de 2017.},
}

@Misc{Zafimehy17,
author = {Zafimehy, Marie},
title = {Florian Philippot quitte le Front National: retour sur un désamour en 6 dates},
day = {21},
month = {9},
year = {2017},
url = {http://www.rtl.fr/actu/politique/florian-philippot-quitte-le-front-national-retour-sur-un-desamour-en-6-dates-7790176224},
note = {Consultado el 12 de noviembre de 2017.},
}

@Misc{Europe17,
author = {{Europe 1}},
title = {Départ de Florian Philippot: «une mauvaise nouvelle pour le FN», selon Pascal Perrineau},
day = {23},
month = {9},
year = {2017},
url = {http://www.europe1.fr/politique/depart-de-florian-philippot-une-mauvaise-nouvelle-pour-le-fn-selon-pascal-perrineau-3443705},
note = {Entrevista a Pascal Perrineau. Consultado el 12 de noviembre de 2017.},
}

@Article{Skocpol79,
author = {Skocpol, Theda},
title = {Old Regimes and Revolutionary Crises in France, Russia, and China},
journal = {Theory and Society},
year = {1979},
volume = {7},
number = {1},
pages = {7-95},
month = {1},
note = {Edición especial doble sobre el Estado y la Revolución},
url = {"http://www.jstor.org/stable/656999?origin=JSTOR-pdf"},
}

@Article{Kesselman79,
author = {Kesselman, Mark},
title = {Reviewed Work: The Silent Revolution: Changing Values and Political Styles Among Western Publics by Ronald Inglehart},
journal = {The American Political Science Review},
year = {1979},
volume = {73},
number = {1},
pages = {284-286},
month = {3},
url = {https://www.jstor.org/stable/pdf/1954818.pdf},
}

@Article{Sewell92,
author = {Sewell Jr., William H},
title = {A Theory of Structure: Duality, Agency, and Transformation},
journal = {American Journal of Sociology},
year = {1992},
volume = {98},
number = {1},
pages = {1-29},
month = {7},
url = {http://www.jstor.org/stable/pdf/2781191.pdf},
}

@Article{Berman01,
author = {Berman, Sheri},
title = {Review: Ideas, Norms, and Culture in Political Analysis},
journal = {Comparative Politics},
year = {2001},
month = {1},
volume = {33},
issue = {2},
pages = {231-250},
url = {http://www.jstor.org/stable/422380},
}

@Article{Coffe07,
author = {Coffé, Hilde and Heyndels, Bruno and 	Vermeir, Jan},
title = {Fertile grounds for extreme right-wing parties: Explaining the Vlaams Blok’s electoral success},
journal = {Electoral Studies},
year = {2007},
volume = {26},
pages = {142-155},
doi = {10.1016/j.electstud.2006.01.005},
}

@Article{Bornschier09,
author = {Bornschier, Simon},
title = {Cleavage Politics in Old and New Democracies},
journal = {Living Reviews},
year = {2009},
month = {octubre},
url = {http://www.livingreviews.org/lrd-2009-6},

}

@Article{Valentino13,
author = {Valentino, Nicholas and Brader, Ted and Jardina, Ashley},
title = {Immigration Opposition Among U.S. Whites: General Ethnocentrism or Media Priming of Attitudes About Latinos?},
journal = {Political Psychology},
year = {2013},
volume = {34},
number = {2},
doi = {10.1111/j.1467-9221.2012.00928.x},
pages = {149-166},
}

@Article{Inglehart16,
author = {Inglehart, Ronald F. and Norris, Pipa},
title = {Trump, Brexit, and the Rise of Populism:
Economic Have-Nots and Cultural
Backlash},
journal = {Harvard Kennedy School Faculty Research Working Paper Series},
year = {2016},
month = {8},
}

@Book{AlmondVerba63,
author = {Almond, Gabriel A. and Verba, Sidney},
title = {The Civic Culture},
subtitle = {Political Attitudes and Democracy in Five Nations},
publisher = {Princeton University Press},
year = {1963},
}

@Book{Blalock67,
author = {Blalock, Hubert M.},
title = {Toward a Theory of Minority-group Relations},
publisher = {John Wiley \& Sons},
year = {1967},
location = {New York},
}

@Book{Olzak92,
author = {Olzac, Susan},
title = {Dynamics of Ethnic Competition and Conflict},
publisher = {Stanford University Press},
year = {1992},
location = {Stanford},
}

@Book{Kitschelt95,
author = {Kitschelt, Herbert},
title = {The Radical Right in Western Europe},
subtitle ={A Comparative Analysis},
publisher = {University of Michigan Press},
year = {1995},
location = {Michigan},
}

@Book{Petersen02,
author = {Petersen, Roger D.},
title = {Understanding {E}thnic Violence},
subtitle = {Fear, {H}atred, and {R}esentment in {T}wentieth-{C}entury {E}astern {E}urope},
year = {2002},
publisher = {Cambridge University Press},
location = {Estados Unidos},
isbn = {9780521007740},
}

@InCollection{Mammone12,
author = {Mammone, Andrea and Godin, Emmanuel and Jenkins, Brian},
editor = {Mammone, Andrea and Godin, Emmanuel and Jenkins, Brian},
booktitle = {Mapping the Extreme Right in Contemporary Europe: From local to transnational},
title = {Introduction: mapping the `right of the mainstream right' in contemporary Europe},
publisher = {Routledge},
year = {2012},
pages = {1-14},
}

@InCollection{Hainsworth16a,
author = {Hainsworth, Paul},
editor = {Hainsworth, Paul},
booktitle = {The Politics of the Extreme Right: From the Margins to the Mainstream},
chapter = {1},
title = {Introduction: the extreme right},
publisher = {Bloomsbury Academic},
origdate = {2000},
year = {2016},
pages = {1-17},
isbn = {978-1-4742-9095-1},
}

@Inbook{Moore66,
author = {Moore, Barrington},
title = {Social origins of dictatorship and democracy},
subtitle = {Lord and Peasant in the Making of the Modern World},
publisher = {Beacon Press},
year = {1966},
location = {Boston},
chapter = {Revolution from Above and Fascism},
pages = {433-452},
}

@Inbook{Betz98,
author = {Betz, Hans-Georg},
editor = {Immerfall, Stefand and Betz, Hans-Georg},
title = {The New Politics of the Right},
subtitle = {Neo‑Populist Parties and Movements in Established Democracies},
publisher = {Palgrave Macmillan},
year = {1998},
location = {Basingstoke},
chapter = {Introduction},
pages = {1-10},

}

@Inbook{Heilbroner92,
author = {Heilbroner, Robert},
title = {The Worldy Philosphers},
subtitle = {The Lives, Times, and Ideas of the Great Economic Thinkers},
publisher = {Simon \& Schuster},
year = {1992},
edition = {6},
location = {Nueva York},
chapter = {The Inexorable System of Karl Marx},
}

@InBook{Mudde07a,
author = {Mudde, Cas},
booktitle = {Populist Radical Right Parties in Europe},
title = {Constructing a conceptual framework},
chapter = {1},
publisher = {Cambridge University Press},
year = {2007},
pages = {11-31},
isbn = {978-0-521-61632-4},
}

@Inbook{BV08,
author = {Balaam, David and Veseth, Michael},
booktitle = {Introduction to International Political Economy},
publisher = {Pearson},
year = {2008},
edition = {4},
location = {Upper Saddel River, Nueva Jersey},
title = {Marx, Lenin, and the Structuralist Perspective},
}


@InBook{CoxDurham16,
author = {Cox, Michael and Durham, Martin},
editor = {Hainsworth, Paul},
booktitle = {The Politics of the Extreme Right: From the Margins to the Mainstream},
chapter = {13},
title = {Te politics of anger: the extreme right in the United States},
publisher = {Bloomsbury Academic},
origdate = {2000},
year = {2016},
pages = {287-311},
}

@Misc{Ivarsflaten14,
author = {Ivarsflaten, Elisabeth and Gudbransen, Froy},
title = {The populist radical right in Western Europe},
journal = {Europaworld},
year = {2014},
}

@Misc{Sides16,
author = {Sides, John and Tesler, Michael},
title = {How political science helps explain the rise of Trump (part 3): It’s the economy, stupid},
organization = {The Washington Post},
url = {https://www.washingtonpost.com/news/monkey-cage/wp/2016/03/04/how-political-science-helps-explain-the-rise-of-trump-part-3-its-the-economy-stupid/?utm_term=.dd546463a844},
day= {4},
month = {3},
year = {2016},
}

@Misc{Hoare16,
author = {Hoare, Liam},
title = {Austria’s Incredibly Narrow Escape From Neo-Fascism},
organization = {Tablet Mag},
year = {2016},
month = {5},
url = {http://www.tabletmag.com/jewish-news-and-politics/202857/austrias-narrow-escape},
}

@Misc{Beauchamp16a,
author = {Beauchamp, Zack},
title = {An expert on the European far right explains the growing influence of anti-immigrant politics},
url = {http://www.vox.com/2016/5/31/11722994/european-far-right-cas-mudde},
day = {31},
month = {5},
year = {2016},
note = {Entrevista a Cass Mudde, de la Universidad de Georgia. Consultado el 30 de octubre de 2017.},
}


@Misc{Rae16,
author = {Rae, Alasdair},
title = {What can explain Brexit?},
day = {25},
month = {6},
year = {2016},
url = {http://www.statsmapsnpix.com/2016/06/what-can-explain-brexit.html},
}

@Misc{Arnade16,
author = {Arnade, Chris},
title = {Attributions of causality},
version = {2},
day = {24},
month = {6},
year = {2016},
url = {http://www.interfluidity.com/v2/6602.html},
}

@Misc{Milanovic16,
author = {Milanovic, Branko},
title = {The greatest reshuffle of individual incomes since the Industrial Revolution},
organization = {VOX CEPR},
year = {2016},
month = {7},
url = {http://voxeu.org/article/greatest-reshuffle-individual-incomes-industrial-revolution},
}

@Misc{Tesler16,
author = {Tesler, Michael},
title = {Economic anxiety isn’t driving racial resentment. Racial resentment is driving economic anxiety.},
organization = {The Washington Post},
url = {https://www.washingtonpost.com/news/monkey-cage/wp/2016/08/22/economic-anxiety-isnt-driving-racial-resentment-racial-resentment-is-driving-economic-anxiety/?utm_term=.b93b1dde31b4},
day = {22},
month = {8},
year = {2016},
}

@Misc{Carney16,
author = {Carney, Timothy},
title = {Understanding Trump: Economic anxiety is racial anxiety},
organization = {The Washington Examiner},
url = {http://www.washingtonexaminer.com/understanding-trump-economic-anxiety-is-racial-anxiety/article/2600612/},
day = {30},
month = {8},
year = {2016},
}

@Misc{Fascista16,
title = {Letras Libres},
issuetitle = {Fascista Americano},
number = {214},
year = {2016},
month = {10},
url = {http://www.letraslibres.com/mexico/revista/fascista-americano},
}

@Misc{Beauchamp16b,
author = {Beauchamp, Zack},
title = {White Riot},
organization = {Vox.com},
url = {http://www.vox.com/2016/9/19/12933072/far-right-white-riot-trump-brexit},
day = {4},
month = {11},
year = {2016},
}

@Article{Silver16,
author = {Silver, Nate},
title = {Education, Not Income, Predicted Who Would Vote For Trump},
organization = {FiveThirtyEight},
year = {2016},
month = {11},
url = {http://fivethirtyeight.com/features/education-not-income-predicted-who-would-vote-for-trump/},
}

@Misc{Sputnik17,
author = {Sputnik},
title = {Austria's FPO Leader: 'We Are Not Extreme Right Party'},
url = {"https://sputniknews.com/europe/201710251058522359-austria-strache-fpo-ovp-coalition/"},
day = {25},
month = {10},
year = {2017},
note = {Consultado el 30 de octubre de 2017},
}

@Misc{Goodliffe17,
author = {Goodliffe, Gabriel},
title = {Global Populism in the Rise},
day = {23},
month = {10},
year = {2017},
location = {Ciudad de México},
note = {Participación en un foro sobre populismo entre académicos del ITAM y la Universidad John Hopkins.},
}

@Misc{Mudde17,
author = {Mudde, Cas},
title = {Brexit, Trump, and Five (Wrong) Lessons About ‘The Populist Challenge’},
day = {6},
month = {12},
year = {2017},
url = {https://www.huffingtonpost.com/cas-mudde/brexit-trump-and-five-wro_b_12801832.html},
}


@Misc{AN17a,
author = {{Asamblée National}},
title = {Fiche de synthèse n1: Présentation synthétique des institutions françaises},
year = {2017},
month = {6},
day = {2},
url = {"http://www2.assemblee-nationale.fr/decouvrir-l-assemblee/role-et-pouvoirs-de-l-assemblee-nationale/les-institutions-francaises-generalites/presentation-synthetique-des-institutions-francaises"},
note = {Consultado el 6 de enero de 2018},
}

@Misc{AN17b,
author = {{Asamblée National}},
title = {Fiche de synthèse n11: L’organisation territoriale de la France},
year = {2017},
month = {5},
day = {23},
url = {"http://www2.assemblee-nationale.fr/decouvrir-l-assemblee/role-et-pouvoirs-de-l-assemblee-nationale/les-institutions-francaises-generalites/l-organisation-territoriale-de-la-france"},
note = {Consultado el 6 de enero de 2018},
}

@Misc{AN17c,
author = {{Asamblée National}},
title = {Fiche de synthèse n45: La mise en cause de la responsabilité du Gouvernement},
year = {2017},
month = {6},
day = {1},
url = {"http://www2.assemblee-nationale.fr/decouvrir-l-assemblee/role-et-pouvoirs-de-l-assemblee-nationale/les-fonctions-de-l-assemblee-nationale/les-fonctions-de-controle-et-l-information-des-deputes/la-mise-en-cause-de-la-responsabilite-du-gouvernement"},
note = {Consultado el 6 de enero de 2018},
}


@Misc{ConstFr,
title = {Constitution du 4 octobre 1958},
url = {"https://www.legifrance.gouv.fr/affichTexte.do?cidTexte=LEGITEXT000006071194&dateTexte=20180106"},
note = {Texto vigente al 6 de enero de 2018},
}

@Misc{ViePublique,
author = {{Vie Publique}},
title = {Le président de la République},
url = {"http://www.vie-publique.fr/decouverte-institutions/institutions/fonctionnement/president-republique/"},
note = {Consultado el 6 de enero de 2018},
}

@Misc{InterieurElecc,
author = {{Ministère de l'Intérieur}},
title = {Les différentes élections},
year = {2011},
month = {9},
day = {26},
url = {"https://www.interieur.gouv.fr/fr/Elections/Les-elections-en-France/Les-modalites-d-elections/Les-differentes-elections"},
note = {Consultado el 6 de enero de 2018},
}

@Misc{Parisien16,
author = {Lombart, Gaël},
title = {Présidentielle : et si deux candidats arrivaient à égalité...},
year = {2016},
month = {12},
day = {31},
url = {"http://www.leparisien.fr/elections/presidentielle/pratique/presidentielle-et-si-deux-candidats-arrivaient-a-egalite-28-12-2016-6502290.php"},
note = {Consultado el 7 de enero de 2018},
}

@Misc{Uribe16,
author = {Uribe Coughlan, Alexandra},
title = {Política Comparada},
year = {2016},
note = {Curso del Departamento de Ciencia Política del ITAM para el semestre de otoño.},
}