@Online{Betancourt17,
author = {Betancourt, Michael},
title = {A Conceptual Introduction to Hamiltonian Monte Carlo},
year = {2017},
url = {https://arxiv.org/abs/1701.02434},
note = {ArXiv e-print},
}

@Online{Betancourt18,
author = {Betancourt, Michael},
title = {The Convergence of Markov chain Monte Carlo Methods},
subtitle = {From the Metropolis method to Hamiltonian Monte Carlo},
year = {2018},
url = {https://arxiv.org/abs/1706.01520v2},
note = {ArXiv e-print},
}

@Article{MetropolisUlam49,
author = {Metropolis, Nicholas and Ulam, Stanislaw},
title = {The Monte Carlo Method},
journal = {Journal of the American Statistical Association},
year = {1949},
volume = {44},
issue = {247},
pages = {335-341},
}

@Article{Metropolis53,
author = {Metropolis, Nicholas and Rosenbluth, Arianna and Rosenbluth, Marshall and Teller, Augusta and Teller, Edward},
title = {Equation of State Calculations by Fast Computing Machines},
journal = {Journal of Chemical Physics},
year = {1953},
volume = {21},
issue = {6},
month = {6},
pages = {1087-1092},
}

@Article{Hastings70,
author = {Hastings, W.K.},
title = {Monte Carlo Sampling Methods Using Markov Chains and Their Applications},
journal = {Biometrika},
year = {1970},
volume = {57},
issue = {1},
month = {4},
pages = {97-109}
}

@Article{NelderWedderburn72,
author = {Nelder, J.A. and Wedderburn, R.W.M.},
title = {Generalized Linear Models},
journal = {Journal of the Royal Statistical Society},
publisher = {Wiley},
year = {1972},
volume = {135},
issue = {3},
pages = {370-384},
}

@Article{GemanGeman84,
author = {Geman, Stuart and Geman, Donald},
title = {Stochastic Relaxation, Gibbs Distribution, and the Bayesian Restoration of Images},
journal = {IEEE Transactions on Pattern Analysis and Machine Intelligence},
month = {11},
year = {1984},
volume = {PAMI-6},
issue = {6},
pages = {370-384},
}

@Article{Metropolis87,
author = {Metropolis, Nicholas},
title = {The beginning of the Monte Carlo Method},
journal = {Los Alamos Science},
year = {1987},
pages = {125-130},
note = {Special issue dedicated to Stan Ulam},
}

@Article{Eckhardt87,
author = {Eckhardt, Roger},
title = {Stan Ulam, John von Neumann, and the Monte Carlo method},
journal = {Los Alamos Science},
year = {1987},
pages = {131-137},
note = {Special issue dedicated to Stan Ulam},
}

@Article{GelfandSmith90,
author = {Gelfand, Alan E. and Smith, Adrian F.M.},
title = {Sampling-Based Approaches to Calculating Marginal Densities},
journal = {Journal of the American Statistical Association},
year = {1990},
volume = {85},
issue = {410},
month = {6},
pages = {398-409}
}

@Article{GelfandEtAl90,
author = {Gelfand, Alan E. and Hills, SusanE. and Racine-Poon, Amy and Smith, Adrian F.M.},
title = {Illustration of Bayesian Inference in Normal Data Models Using Gibbs Sampling},
journal = {Journal of the American Statistical Association},
year = {1990},
volume = {85},
issue = {412},
month = {12},
pages = {972-985}
}

@Article{CasellaGeorge92,
author = {Casella, George and George, Edward I.},
title = {Explaining the Gibbs Sampler},
journal = {The American Statistician},
year = {1992},
volume = {46},
issue = {3},
month = {8},
pages = {167-174},
}

@Article{SmithGelfand92,
author = {Smith, A.F.M. and Gelfand, A.E.},
title = {Bayesian Statistics without Tears},
subtitle = {A Sampling-Resampling Perspective},
journal = {The American Statistician},
year = {1992},
volume = {46},
issue = {2},
pages = {84-88},
}

@Article{GelmanRubin92,
author = {Gelman, Andrew and Rubin, Donald B.},
title = {Inference from Iterative Simulation Using Multiple Sequences},
journal = {Statistical Science},
year = {1992},
volume = {7},
issue = {4},
pages = {457-472},
}

@Article{SmithRoberts93,
author = {Smith, A.F.M. and Roberts, G.O.},
title = {Bayesian Computation Via the Gibbs Sampler and Related Markov Chain Monte Carlo Methods},
journal = {Journal of the Royal Statistical Society},
year = {1993},
volume = {55},
issue = {1},
pages = {-23},
}

@Article{ChibGreenberg95,
author = {Chib, Siddhartha and Greenberg, Edward},
title = {Understanding the Metropolis-Hastings Algorithm},
journal = {The American Statistician},
year = {1995},
volume = {49},
issue = {4},
month = {11},
pages = {327-335}
}


@Article{Gubernatis05,
author = {Gubernatis, J.E.},
title = {Marshall Rosenbluth and the Metropolis algorithm},
journal = {Physics of Plasmas},
year = {2005},
volume = {12},
issue = {57303},
}

@Article{RobertCasella11,
author = {Robert, Christian and Casella, George},
title = {A Short History of Markov Chain Monte Carlo},
subtitle = {Subjective Recollections from Incomplete Data},
journal = {Statistical Science},
year = {2011},
volume = {26},
issue = {1},
pages = {102-115},
}

@Article{Seneta13,
author = {Seneta, Eugene},
title = {A Tricentenary history of the Law of Large Numbers},
journal = {Bernoulli},
year = {2013},
volume = {19},
issue = {4},
pages = {1088-1121},
url = {https://arxiv.org/pdf/1309.6488.pdf},
}

@Article{Seneta13,
author = {Seneta, Eugene},
title = {A Tricentenary history of the Law of Large Numbers},
journal = {Bernoulli},
year = {2013},
volume = {19},
issue = {4},
pages = {1088-1121},
url = {https://arxiv.org/pdf/1309.6488.pdf},
}

@Article {YangRdz13,
author = {Yang, Ziheng and Rodríguez, Carlos E.},
title = {Searching for efficient Markov chain Monte Carlo proposal kernels},
journal = {Proceedings of the National Academy of Sciences},
year = {2013},
publisher = {National Academy of Sciences},
url = {https://www.pnas.org/content/early/2013/11/06/1311790110},
}

@Article{Haigh14,
author = {Haigh, Thomas and Priestley, Mark and Rope, Crispin},
title = {Los Alamos Bets on ENIAC}, 
subtitle = {Nuclear Monte Carlo Simulations, 1947–1948},
journal = {IEEE Annals of the History of Computing},
year = {2014},
volume = {36},
issue = {3},
pages = {42-63},
}

@Article{Robert15,
author = {Robert, Christian P.},
title = {The Metropolis-Hastings algorithm},
journal = {ArXiv e-prints},
eprint = {1504.01896},
year = {2015},
month = {4},
url = {https://arxiv.org/abs/1504.01896},
}

@Article{Zepeda15,
author = {Zepeda Herrera, Fernando Antonio},
title = {Sobre la conexión estadística de Gauss y Galton},
journal = {Laberintos e Infinitos},
publisher = {ITAM},
year = {2015},
volume = {2},
issue = {37},
pages = {26-30},
}

@Book{MoodGraybill74,
	author = {Mood, Alexander M. and Graybill, Franklin A. and Boes, Duane C.},
	title = {Introduction to the Theory of Statistics},
	year = {1974},
	pagetotal = {564},
	publisher = {McGraw Hill},
	edition = {3},
	isbn = {978-0-07-085465-9},
}

@Book{Bernardo81,
author = {Bernardo, José Miguel},
title = {Bioestadística},
subtitle = {Una {P}erspectiva {B}ayesiana},
year = {1981},
pagetotal = {286},
publisher = {Ediciones Vicens-Vives},
location = {Barcelona},
editor = {Vicens, Albert},
edition = {1},
isbn = {84-316-1889-2},
}

@Book{TaylorKarlin84,
author = {Taylor, Howard M. and Karlin, Samuel},
title = {An introduction to stochastic modeling},
year = {1984},
pagetotal = {631},
edition = {3},
publisher = {Academic Press},
isbn = {978-0-12-684887-8},
}

@Book{Berger85,
author = {Berger, James O.},
title = {Statistical decision theory and {B}ayesian analysis},
subtitle = {Springer series in statistics},
year = {1985},
pagetotal = {617},
publisher = {Springer-Verlag New York, Inc.},
location = {Estados Unidos},
edition = {2},
isbn = {0-387-96098-8},
}

@Book{Ross96,
author = {Ross, Sheldon M.},
title = {Stochastic Processes},
year = {1996},
pagetotal = {510},
edition = {2},
publisher = {John Wiley \& Sons},
isbn = {0-471-12062-6},
}

@Book{DraperSmith98,
author = {Draper, Norman R. and Smith, Harry},
title = {Applied Regression Analysis},
year = {1998},
pagetotal = {736},
publisher = {Wiley},
location = {Estados Unidos},
note = {Willey Series in Probability and Statistics},
edition = {3},
isbn = {978-0-471-17082-2},
}

@Book{Dobson01,
author = {Dobson, Annette J.},
title = {An introduction to generalized linear models},
year = {2001},
pagetotal = {221},
publisher = {Chapman \& Hall},
isbn = {1-58488-165-8},
}

@Book{Congdon06,
author = {Congdon, Peter},
title = {Bayesian Statistical Modelling},
year = {2006},
pagetotal = {573},
publisher = {John Wiley \& Sons Ltd.},
location = {Reino Unido},
note = {Wiley series in probability and statistics},
edition = {2},
isbn = {978-0-470-01875-0},
}

@Book{GelmanHill06,
author = {Gelman, Andrew and {$ $}Hill, Jennifer},
title = {Data Analysis Using Regression and Multilevel/Hierarchical Models},
year = {2006},
pagetotal = {625},
publisher = {Cambridge University Press},
location = {Estados Unidos},
note = {Analytical Methods for Social Science Research},
edition = {5},
isbn = {978-0-5216-8689-1},
}

@Book{Robert07,
	author = {Robert, Christian P.},
	title = {The Bayesian Choice},
	subtitle = {From Decision-Theoretic Foundations to Computational Implementation},
	year = {2007},
	pagetotal = {602},
	publisher = {Springer},
	location = {New York},
	edition = {2},
	isbn = {978-0-387-71598-8},
}

@Book{RobertCasella10,
	author = {Robert, Christian P. and George Casella},
	title = {Introducing Monte Carlo Methods with R},
	year = {2010},
	pagetotal = {283},
	publisher = {Springer},
	isbn = {978-1-4419-1575-7},
}

@Book{Ross10,
	author = {Ross, Sheldon M.},
	title = {A First Course in Probability},
	year = {2010},
	pagetotal = {530},
	publisher = {Prentice Hall},
	edition = {8},
	isbn = {978-0-13-603313-4},
}

@Book{Lee12,
	author = {Lee, Peter M.},
	title = {Bayesian statistics},
	subtitle = {an introduction},
	year = {2012},
	pagetotal = {462},
	publisher = {John Wiley \& Sons Ltd.},
	location = {Reino Unido},
	edition = {4},
	isbn = {978-1-118-33257-3},
}

@Book{Ragheb13,
author = {Ragheb, Magdi},
title = {Monte Carlo Simulation},
subtitle = {Science and Engineering Aplications},
year = {2013},
note = {Lecture notes for Monte Carlo Simulation course tought at the University of Illinois at Urbana-Champaign},
url = {http://mragheb.com/NPRE%20498MC%20Monte%20Carlo%20Simulations%20in%20Engineering/},
}

@Book{Owen13,
author = {Owen, Art},
title = {Monte Carlo theory, methods and examples},
year = {2013},
pagetotal = {286},
note = {Sin publicar},
url = {http://statweb.stanford.edu/~owen/mc/},
}

@Book{Ross13,
	author = {Ross, Sheldon M.},
	title = {Simulation},
	year = {2013},
	pagetotal = {310},
	publisher = {Academic Press},
	location = {Estados Unidos},
	edition = {5},
	isbn = {978-0-12-415825-2},
}

@Book{Gelman13,
author = {Gelman, Andrew and Carlin, John B. and Stern, Hal S. and Dunson, David B. and Vehtari, Aki and Rubin, Donald B.},
title = {Bayesian Data Analysis},
year = {2013},
pagetotal = {667},
publisher = {CRC Press},
location = {Estados Unidos},
note = {Chapman \& Hall/CRC texts in Statistical Science},
edition = {3},
isbn = {978-1-4398-4095-5},
}

@Inbook{BernardoSmith00,
author = {Bernardo, José Miguel and Smith, Adrian F.M.},
title = {Bayesian Theory},
publisher = {John Wiley \& Sons Ltd.},
location = {Reino Unido},
edition = {1},
isbn = {978-0471494645},
year = {2000},
chapter = {Modelling},
pages = {165-240},
}

@Inbook{Neal11,
author = {Neal, Radford M.},
title = {Handbook of Markov Chain Monte Carlo},
publisher = {Chapman \& Hall/CRC},
location = {Florida},
edition = {1},
isbn = {978-1420079418},
year = {2011},
chapter = {MCMC Using Hamiltonian Dynamics},
pages = {113-162},
}

@Inbook{McElreath15,
author = {McElreath, Richard},
title = {Statistical Rethinking},
subtitle = {A Bayesian Course with Examples in R and Stan},
publisher = {CRC Press},
edition = {1},
isbn = {978-1482253443},
year = {2015},
chapter = {Multilevel Models},
pages = {355-386},
}

@Thesis{Aquino10,
author = {Aquino Pérez, Elizabeth},
title = {Construcción de una tabla de mortalidad con un enfoque bayesiano},
type = {Tesina para obtener el grado de {L}icenciada en {A}ctuaría},
institution = {Instituto {T}ecnológico {A}utónomo de {M}éxico ({ITAM})},
location = {Ciudad de {M}éxico},
year = {2010},
pagetotal = {54},
}

@Thesis{Ortiz12,
author = {Ortiz Mancera, María Teresa},
title = {Análisis bayesiano de desempeño escolar de acuerdo con los resultados de la prueba {ENLACE}},
type = {Tesis para obtener el grado de {L}icenciada en {M}atemáticas {A}plicadas},
institution = {Instituto {T}ecnológico {A}utónomo de {M}éxico ({ITAM})},
location = {Ciudad de {M}éxico},
year = {2012},
pagetotal = {82},
}

@Thesis{Regueiro12,
author = {Regueiro Martínez, Pedro},
title = {Análisis jerárquico bayesiano del futbol mexicano},
type = {Tesis para obtener el grado de {L}icenciado en {M}atemáticas {A}plicadas},
institution = {Instituto {T}ecnológico {A}utónomo de {M}éxico ({ITAM})},
location = {Ciudad de {M}éxico},
year = {2012},
pagetotal = {112},
}

@Thesis{Usi14,
author = {Usi López, María Andrea},
title = {Análisis bayesiano de la influenza en México},
type = {Tesis para obtener el grado de {L}icenciada en {M}atemáticas {A}plicadas},
institution = {Instituto {T}ecnológico {A}utónomo de {M}éxico ({ITAM})},
location = {Ciudad de {M}éxico},
year = {2014},
pagetotal = {214},
}

@Conference{GelmanRobertsGilks96,
author = {Gelman, A. and Roberts, G.O. and Gilks W.R.},
title = {Efficient Metropolis Jumping Rules},
booktitle = {Bayesian Statistics 5},
year = {1996},
pages = {599-607}
}

@Misc{vonNeumann47,
author = {{von Neumann}, John and Richtmayer, Robert D.},
title = {Statistical methods in neutron diffusion},
year = {1947},
note = {Correspondencia escrita entre von Neumann y Richtmyer en 1947 a propósito del método estadístico propuesto por Stan Ulam.},
}

@Misc{Neal93,
author = {Neal, Radford M.},
title = {Probabilistic Inference Using Markov Chain Monte Carlo Methods},
year = {1993},
note = {Technical Report CRG-TR-93-1},
organization = {University of Toronto},
}

@Misc{GP97,
author = {Gutiérrez Peña, Eduardo},
title = {Métodos Computacionales en la Inferencia Bayesiana},
year = {1997},
note = {Serie monografías, IIMAS},
organization = {Universidad Nacional Autónoma de México (UNAM)},
location = {Ciudad de {M}éxico},
}

@Misc{GP98,
author = {Gutiérrez Peña, Eduardo},
title = {Análisis Bayesiano de Modelos Jerárquicos Lineales},
year = {1998},
note = {Serie monografías, IIMAS},
organization = {Universidad Nacional Autónoma de México (UNAM)},
location = {Ciudad de {M}éxico},
}

@Misc{Geyer05,
author = {Geyer, Charles J.},
title = {Markov Chain Monte Carlo Lecture Notes},
year = {2005},
note = {Course notes originally used Spring Quarter 1998},
organization = {University of Minnesota, Twin Cities},
}

@Misc{Pulskamp09,
author = {Pulskamp, Richard J.},
title = {Correspondence regarding the Art of Conjecturing},
year = {2009},
note = {Reporte de la correspondencia escrita entre Gottfried Leibniz y Jakob Bernoulli entre abril de 1703 y abril de 1705.},
url = {https://www.cs.xu.edu/math/Sources/JakobBernoulli/jakob%20and%20leibniz.pdf},
}

@Misc{Mendoza11,
author = {Mendoza, Manuel and Regueiro, Pedro},
title = {Estadística Bayesiana},
year = {2011},
note = {Departamento {A}cadémico de {E}stadística},
organization = {Instituto {T}ecnológico {A}utónomo de {M}éxico ({ITAM})},
location = {Ciudad de {M}éxico},
}

@Misc{Rincon12,
author = {Rincón, Luis},
title = {Introducción a los procesos estocásticos},
year = {2012},
note = {Notas para los cursos de procesos estocásticos en la Facultad de Ciencias de la UNAM.},
}

@Misc{Muller14,
author = {Müller, Peter},
title = {Notas del curso de Bioestadística Bayesiana},
year = {2014},
note = {II Escuela Latinoamericana de Estadística Bayesiana},
organization = {Universidad Autónoma de Quintana Roo},
location = {Chetumal},
}

@Misc{Nieto16,
author = {Nieto Barajas, Luis Enrique},
title = {Regresión Avanzada},
subtitle = {con enfoque Bayesiano},
year = {2016},
note = {Maestría en Ciencia de Datos},
organization = {Instituto {T}ecnológico {A}utónomo de {M}éxico ({ITAM})},
location = {Ciudad de {M}éxico},
}

@Misc{GP16,
author = {Gutiérrez Peña, Eduardo},
title = {Presentación {I}ntroductioria al curso {M}étodos {E}stadísticos {B}ayesianos},
year = {2016},
note = {Departamento {A}cadémico de {E}stadística},
organization = {Instituto {T}ecnológico {A}utónomo de {M}éxico ({ITAM})},
location = {Ciudad de {M}éxico},
}

@Misc{Nozer17,
author = {Singpurwalla, Nozer D.},
title = {Subjective Probability: Its Axioms and Acrobatics},
year = {2017},
month = {6},
day = {16},
note = {Conferencia magistral dentro del International Workshop on Perspectives on
High Dimensional Data VII (HDDA VII)},
organization = {Centro de Investigación en Matemáticas ({CIMAT})},
location = {Guanajuato},
url = {http://hddavii.eventos.cimat.mx/sites/hddavii/files/Nozer_Singpurwalla.pdf},
}

@Misc{Stan17,
author = {{Stan Development Team}},
title = {Stan Modeling Language: User's Guide and Reference Manual},
year = {2017},
note = {Version 2.17.0},
url = {https://mc-stan.org/},
}

@Misc{Zepeda18,
author = {Zepeda Herrera, Fernando Antonio},
title = {Modelo de agregación de encuestas},
year = {2018},
note = {Resumen metodológico del modelo de agregación de encuestas para la elección presidencial de México para el periodo 2018-2024},
organization = {Numérika},
location = {Ciudad de {M}éxico},
url = {https://www.numerika.mx/spanish/elecciones-2018/poll-of-polls/},
}