
@Book{AlmondVerba63,

author = {Almond, Gabriel A. and Verba, Sidney},

title = {The Civic Culture},

subtitle = {Political Attitudes and Democracy in Five Nations},

publisher = {Princeton University Press},

year = {1963},

}


@Thesis{Aquino10,

author = {Aquino Pérez, Elizabeth},

title = {Construcción de una tabla de mortalidad con un enfoque bayesiano},

type = {Tesina para obtener el grado de {L}icenciada en {A}ctuaría},

institution = {Instituto {T}ecnológico {A}utónomo de {M}éxico ({ITAM})},

year = {2010},

pagetotal = {54},

}


@Misc{Arnade16,

author = {Arnade, Chris},

title = {Attributions of causality},

version = {2},

day = {24},

month = {6},

year = {2016},

url = {http://www.interfluidity.com/v2/6602.html},

}


@Misc{AN17a,

author = {{Asamblée National}},

title = {Fiche de synthèse n1: Présentation synthétique des institutions françaises},

year = {2017},

month = {6},

day = {2},

url = {"http://www2.assemblee-nationale.fr/decouvrir-l-assemblee/role-et-pouvoirs-de-l-assemblee-nationale/les-institutions-francaises-generalites/presentation-synthetique-des-institutions-francaises"},

note = {Consultado el 6 de enero de 2018},

}


@Misc{AN17b,

author = {{Asamblée National}},

title = {Fiche de synthèse n11: L’organisation territoriale de la France},

year = {2017},

month = {5},

day = {23},

url = {"http://www2.assemblee-nationale.fr/decouvrir-l-assemblee/role-et-pouvoirs-de-l-assemblee-nationale/les-institutions-francaises-generalites/l-organisation-territoriale-de-la-france"},

note = {Consultado el 6 de enero de 2018},

}



@Misc{AN17c,

author = {{Asamblée National}},

title = {Fiche de synthèse n45: La mise en cause de la responsabilité du Gouvernement},

year = {2017},

month = {6},

day = {1},

url = {"http://www2.assemblee-nationale.fr/decouvrir-l-assemblee/role-et-pouvoirs-de-l-assemblee-nationale/les-fonctions-de-l-assemblee-nationale/les-fonctions-de-controle-et-l-information-des-deputes/la-mise-en-cause-de-la-responsabilite-du-gouvernement"},

note = {Consultado el 6 de enero de 2018},

}





@Inbook{BV08,

author = {Balaam, David and Veseth, Michael},

booktitle = {Introduction to International Political Economy},

publisher = {Pearson},

year = {2008},

edition = {4},

title = {Marx, Lenin, and the Structuralist Perspective},

}


@Misc{Beauchamp16a,

author = {Beauchamp, Zack},

title = {An expert on the European far right explains the growing influence of anti-immigrant politics},

url = {http://www.vox.com/2016/5/31/11722994/european-far-right-cas-mudde},

day = {31},

month = {5},

year = {2016},

note = {Entrevista a Cass Mudde, de la Universidad de Georgia. Consultado el 30 de octubre de 2017.},

}


@Misc{Beauchamp16b,

author = {Beauchamp, Zack},

title = {White Riot},

organization = {Vox.com},

url = {http://www.vox.com/2016/9/19/12933072/far-right-white-riot-trump-brexit},

day = {4},

month = {11},

year = {2016},

}






@Book{Berger85,

author = {Berger, James O.},

title = {Statistical decision theory and {B}ayesian analysis},

subtitle = {Springer series in statistics},

year = {1985},

pagetotal = {617},

publisher = {Springer-Verlag New York, Inc.},

edition = {2},

isbn = {0-387-96098-8},

}


@Article{Berman01,

author = {Berman, Sheri},

title = {Review: Ideas, Norms, and Culture in Political Analysis},

journal = {Comparative Politics},

year = {2001},

month = {1},

volume = {33},

issue = {2},

pages = {231-250},

url = {http://www.jstor.org/stable/422380},

}


@Book{Bernardo81,

author = {Bernardo, José Miguel},

title = {Bioestadística},

subtitle = {Una {P}erspectiva {B}ayesiana},

year = {1981},

pagetotal = {286},

publisher = {Ediciones Vicens-Vives},

editor = {Vicens, Albert},

edition = {1},

isbn = {84-316-1889-2},

}


@Inbook{BernardoSmith00,

author = {Bernardo, José Miguel and Smith, Adrian F.M.},

title = {Bayesian Theory},

publisher = {John Wiley \& Sons Ltd.},

edition = {1},

isbn = {978-0471494645},

year = {2000},

chapter = {Modelling},

pages = {165-240},

}


@Misc{Berteloot17,

author = {Berteloot, Tristan},

title = {Pour Philippot, l'humiliation ou l'exil},

day = {19},

month = {9},

year = {2017},

url = {https://oeilsurlefront.liberation.fr/les-idees/2017/09/19/pour-philippot-l-humiliation-ou-l-exil_1597506},

note = {Consultado el 12 de noviembre de 2017.},

}



@Online{Betancourt16,

author = {Betancourt, Michael},

title = {Identifying the Optimal Integration Time in Hamiltonian Monte Carlo},

year = {2016},

url = {https://arxiv.org/abs/1601.00225},

note = {ArXiv e-print},

}



@Online{Betancourt17,

author = {Betancourt, Michael},

title = {A Conceptual Introduction to Hamiltonian Monte Carlo},

year = {2017},

url = {https://arxiv.org/abs/1701.02434},

note = {ArXiv e-print},

}




@Online{BetancourtStanShapePriors,

author = {Betancourt, Michael},

title = {How the Shape of a Weakly Informative Prior Affects Inferences},

year = {2017},

url = {https://betanalpha.github.io/assets/case_studies/weakly_informative_shapes.html},

}

@Online{BetancourtRStanWorkflow,

author = {Betancourt, Michael},

title = {Robust Statistical Workflow with RStan},

year = {2017},

url = {https://github.com/betanalpha/knitr_case_studies/tree/master/rstan_workflow},

}


@Online{Betancourt18,

author = {Betancourt, Michael},

title = {The Convergence of Markov chain Monte Carlo Methods},

subtitle = {From the Metropolis method to Hamiltonian Monte Carlo},

year = {2018},

url = {https://arxiv.org/abs/1706.01520v2},

note = {ArXiv e-print},

}



@Inbook{Betz98,

author = {Betz, Hans-Georg},

editor = {Immerfall, Stefand and Betz, Hans-Georg},

title = {The New Politics of the Right},

subtitle = {Neo‑Populist Parties and Movements in Established Democracies},

publisher = {Palgrave Macmillan},

year = {1998},

chapter = {Introduction},

pages = {1-10},



}



@Book{Blalock67,

author = {Blalock, Hubert M.},

title = {Toward a Theory of Minority-group Relations},

publisher = {John Wiley \& Sons},

year = {1967},

}



@Article{Boily05,

author = {Boily, Frédéric},

title = {Aux sources idéologiques du Front national},

subtitle = {Le mariage du traditionalisme et du populisme},

journal = {Politiques et Sociétés},

year = {2005},

volume = {24},

issue = {1},

pages = {23-47},

}


@Article{Bornschier09,

author = {Bornschier, Simon},

title = {Cleavage Politics in Old and New Democracies},

journal = {Living Reviews},

year = {2009},

month = {octubre},

url = {http://www.livingreviews.org/lrd-2009-6},



}


@Misc{Capo17,

author = {Capo, Dominique},

title = {21 Avril 2002, le choc, deuxième partie},

url = {"https://www.youtube.com/watch?v=v0T-kmHUVlA"},

day = {11},

month = {8},

year = {2017},

note = {Consultado el 11 de noviembre de 2017},

}


@Misc{Carney16,

author = {Carney, Timothy},

title = {Understanding Trump: Economic anxiety is racial anxiety},

organization = {The Washington Examiner},

url = {http://www.washingtonexaminer.com/understanding-trump-economic-anxiety-is-racial-anxiety/article/2600612/},

day = {30},

month = {8},

year = {2016},

}





@Online{BlogAntithetical,

author = {Carpenter, Bob},

title = {We were measuring the speed of Stan incorrectly—it’s faster than we thought in some cases due to antithetical sampling},

year = {2018},

url = {https://statmodeling.stat.columbia.edu/2018/01/18/measuring-speed-stan-incorrectly-faster-thought-cases-due-antithetical-sampling/},

}


@Article{Carpizo04,

author = {Carpizo, Jorge},

title = {México: ¿sistema presidencial o parlamentario?},

journal = {Revista Latinoamericana de Derecho},

year = {2004},

volume = {1},

issue = {1},

pages = {1-37},

}



@Article{CasellaGeorge92,

author = {Casella, George and George, Edward I.},

title = {Explaining the Gibbs Sampler},

journal = {The American Statistician},

year = {1992},

volume = {46},

issue = {3},

month = {8},

pages = {167-174},

}


@Misc{CDansLAir17,

author = {{C dans l'air}},

title = {Règlement de comptes au FN},

url = {https://www.youtube.com/watch?v=rdWfY7clIco&index=84&list=PL4_by8YNrJv-2o8tOvIHY0Q5TAhorDiin},

day = {21},

month = {7},

year = {2017},

note = {Consultado el 12 de noviembre de 2017},

}





@Article{ChibGreenberg95,

author = {Chib, Siddhartha and Greenberg, Edward},

title = {Understanding the Metropolis-Hastings Algorithm},

journal = {The American Statistician},

year = {1995},

volume = {49},

issue = {4},

month = {11},

pages = {327-335}

}


@Article{Coffe07,

author = {Coffé, Hilde and Heyndels, Bruno and 	Vermeir, Jan},

title = {Fertile grounds for extreme right-wing parties: Explaining the Vlaams Blok’s electoral success},

journal = {Electoral Studies},

year = {2007},

volume = {26},

pages = {142-155},

doi = {10.1016/j.electstud.2006.01.005},

}



@Book{Congdon06,

author = {Congdon, Peter},

title = {Bayesian Statistical Modelling},

year = {2006},

pagetotal = {573},

publisher = {John Wiley \& Sons Ltd.},

note = {Wiley series in probability and statistics},

edition = {2},

isbn = {978-0-470-01875-0},

}



@Misc{ConstFr,

title = {Constitution du 4 octobre 1958},

url = {"https://www.legifrance.gouv.fr/affichTexte.do?cidTexte=LEGITEXT000006071194&dateTexte=20180106"},

note = {Texto vigente al 6 de enero de 2018},

}



@InBook{CoxDurham16,

author = {Cox, Michael and Durham, Martin},

editor = {Hainsworth, Paul},

booktitle = {The Politics of the Extreme Right: From the Margins to the Mainstream},

chapter = {13},

title = {Te politics of anger: the extreme right in the United States},

publisher = {Bloomsbury Academic},

origdate = {2000},

year = {2016},

pages = {287-311},

}


@InCollection{Crepon15,

author = {Crépon, Sylvain},

editor = {Crépon, Sylvain and Dézé, Alexandre and Mayer, Nonna},

title = {La politique des m\oe{}urs au Front National},

chapter = {8},

booktitle = {Les faux-semblants du Front National: sociologie d'un parti politique},

year = {2015},

publisher = {Presses de SciencesPo},

year = {2015},

pages = {185-205},

}


@InCollection{CreponEtAl15,

editor = {Crépon, Sylvain and Dézé, Alexandre and Mayer, Nonna},

title = {Repères chronologiques},

booktitle = {Les faux-semblants du Front National: sociologie d'un parti politique},

year = {2015},

publisher = {Presses de SciencesPo},

year = {2015},

pages = {545-557},

}

@Misc{LeTemps17,

author = {Delafoi, Florian},

title = {Front national (1971-2017)},

year = {2017},

url = {https://www.letemps.ch/monde/front-national-19712017},

}





@Book{Dobson01,

author = {Dobson, Annette J.},

title = {An introduction to generalized linear models},

year = {2001},

pagetotal = {221},

publisher = {Chapman \& Hall},

isbn = {1-58488-165-8},

}



@Book{DraperSmith98,

author = {Draper, Norman R. and Smith, Harry},

title = {Applied Regression Analysis},

year = {1998},

pagetotal = {736},

publisher = {Wiley},

note = {Willey Series in Probability and Statistics},

edition = {3},

isbn = {978-0-471-17082-2},

}


@Article{Eckhardt87,

author = {Eckhardt, Roger},

title = {Stan Ulam, John von Neumann, and the Monte Carlo method},

journal = {Los Alamos Science},

year = {1987},

pages = {131-137},

note = {Special issue dedicated to Stan Ulam},

}


@Misc{Europe17,

author = {{Europe 1}},

title = {Départ de Florian Philippot: «une mauvaise nouvelle pour le FN», selon Pascal Perrineau},

day = {23},

month = {9},

year = {2017},

url = {http://www.europe1.fr/politique/depart-de-florian-philippot-une-mauvaise-nouvelle-pour-le-fn-selon-pascal-perrineau-3443705},

note = {Entrevista a Pascal Perrineau. Consultado el 12 de noviembre de 2017.},

}



@Misc{LePen12,

author = {{Front National}},

title = {Mon Projet},

subtitle = {Pour la France et les français},

url = {"http://www.frontnational.com/pdf/projet_mlp2012.pdf"},

year = {2012},

note = {Consultado el 26 de marzo de 2018},

}



@Misc{Galtier17,

author = {Galtier, Ludovic},

title = {Philippot: le FN «fait un retour en arrière terrifiant» sur sa ligne},

day = {20},

month = {9},

year = {2017},

url = {http://www.rtl.fr/actu/politique/philippot-le-front-national-fait-un-retour-en-arriere-terrifiant-sur-sa-ligne-7790173335},

note = {Consultado el 12 de noviembre de 2017.},

}



@Article{GelfandEtAl90,

author = {Gelfand, Alan E. and Hills, SusanE. and Racine-Poon, Amy and Smith, Adrian F.M.},

title = {Illustration of Bayesian Inference in Normal Data Models Using Gibbs Sampling},

journal = {Journal of the American Statistical Association},

year = {1990},

volume = {85},

issue = {412},

month = {12},

pages = {972-985}

}


@Article{GelfandSmith90,

author = {Gelfand, Alan E. and Smith, Adrian F.M.},

title = {Sampling-Based Approaches to Calculating Marginal Densities},

journal = {Journal of the American Statistical Association},

year = {1990},

volume = {85},

issue = {410},

month = {6},

pages = {398-409}

}


@Article{GelmanRubin92,

author = {Gelman, Andrew and Rubin, Donald B.},

title = {Inference from Iterative Simulation Using Multiple Sequences},

journal = {Statistical Science},

year = {1992},

volume = {7},

issue = {4},

pages = {457-472},

}


@Conference{GelmanRobertsGilks96,

author = {Gelman, A. and Roberts, G.O. and Gilks W.R.},

title = {Efficient Metropolis Jumping Rules},

booktitle = {Bayesian Statistics 5},

year = {1996},

pages = {599-607}

}




@Book{GelmanHill06,

author = {Gelman, Andrew and {$ $}Hill, Jennifer},

title = {Data Analysis Using Regression and Multilevel/Hierarchical Models},

year = {2006},

pagetotal = {625},

publisher = {Cambridge University Press},

note = {Analytical Methods for Social Science Research},

edition = {5},

isbn = {978-0-5216-8689-1},

}


@Book{Gelman13,

author = {Gelman, Andrew and Carlin, John B. and Stern, Hal S. and Dunson, David B. and Vehtari, Aki and Rubin, Donald B.},

title = {Bayesian Data Analysis},

year = {2013},

pagetotal = {667},

publisher = {CRC Press},

note = {Chapman \& Hall/CRC texts in Statistical Science},

edition = {3},

isbn = {978-1-4398-4095-5},

}




@Article{PriorLikelihood17,

author = {Gelman, Andrew and Simpson, Daniel and Betancourt, Michael},

title = {The Prior Can Often Only Be Understood in the Context of the Likelihood},

journal = {Entropy},

publisher = {ITAM},

year = {2017},

volume = {19},

issue = {10},

pages = {26-30},

}


@Article{GemanGeman84,

author = {Geman, Stuart and Geman, Donald},

title = {Stochastic Relaxation, Gibbs Distribution, and the Bayesian Restoration of Images},

journal = {IEEE Transactions on Pattern Analysis and Machine Intelligence},

month = {11},

year = {1984},

volume = {PAMI-6},

issue = {6},

pages = {370-384},

}


@Misc{Geyer05,

author = {Geyer, Charles J.},

title = {Markov Chain Monte Carlo Lecture Notes},

year = {2005},

note = {Course notes originally used Spring Quarter 1998},

organization = {University of Minnesota, Twin Cities},

}



@Thesis{Gombin05,

author = {Gombin, Joël},

title = {Le vote pour le Front national dans le Vaucluse et les Bouches-du-Rhône},

type = {Mémoire pour l'obtention du grade de Master d'études politiques},

institution = {Université de droit, d'economie et des sciences d'Aix-Marseille},

location = {Aix-en-Provence},

year = {2005},

pagetotal = {212},

}


@Misc{Gombin09,

author = {Gombin, Joël},

title = {Analyse écologique, modèles multi-niveaux et sociologie électorale},

subtitle = {L'example des votes pour le Front national},

year = {2009},

note = {Congrès de l’Association française de science politique},

}


@Misc{Gombin13,

author = {Gombin, Joël},

title = {The Front National vote and its sectorial support},

year = {2013},

note = {ECPR General Conference},

}



@Misc{Gombin13b,

author = {Gombin, Joël},

title = {\guillemotleft Nouveau\guillemotright{} FN, vieille carte électorale?},

subtitle = {Les territoires du vote pour le Front national de 1995 à 2002},

year = {2013},

note = {Congrès de l'Association française de science politique},

}



@Misc{GombinRiviere13,

author = {Gombin, Joël and Rivère, Jean},

title = {Éléments quantitatifs sur la dimension spatiale des effets électoraux des inégalités sociales dans les mondes périurbains français (2007-2012)},

year = {2013},

note = {Congrès de l'Association française de sociologie},

}





@Article{Goodliffe16,

author = {Goodliffe, Gabriel},

title = {From Political Fringe to Political Mainstream},

subtitle = {The Front National and the 2014 Municipal Elections in France},

journal = {French Politics, Culture \& Society},

month = {12},

year = {2016},

volume = {34},

issue = {3},

pages = {126-147},

}


@Misc{Goodliffe17,

author = {Goodliffe, Gabriel},

title = {Global Populism in the Rise},

day = {23},

month = {10},

year = {2017},

note = {Participación en un foro sobre populismo entre académicos del ITAM y la Universidad John Hopkins.},

}



@Article{Goodliffe19,

author = {Goodliffe, Gabriel},

title = {Las clases medias tradicionales y la derecha radical en Francia},

subtitle = {Una explicación cultural},

journal = {Estudios: Filosofía, Historia, Letras},

year = {2019},

volume = {27},

issue = {128},

pages = {15-53},

}

@Misc{Gross16,

author = {Gross, Estelle},

title = {Marine Le Pen change de slogan : ``Une ligne populiste assumée''},

year = {2016},

month = {9},

day = {19},

url = {https://www.nouvelobs.com/politique/election-presidentielle-2017/20160919.OBS8333/marine-le-pen-change-de-slogan-une-ligne-populiste-assumee.html},

notes = {Entrevista a Nicolas Lebourg},

}






@Article{Gubernatis05,

author = {Gubernatis, J.E.},

title = {Marshall Rosenbluth and the Metropolis algorithm},

journal = {Physics of Plasmas},

year = {2005},

volume = {12},

issue = {57303},

}


@Misc{GP97,

author = {Gutiérrez Peña, Eduardo},

title = {Métodos Computacionales en la Inferencia Bayesiana},

year = {1997},

note = {Serie monografías, IIMAS},

organization = {Universidad Nacional Autónoma de México (UNAM)},

}


@Misc{GP98,

author = {Gutiérrez Peña, Eduardo},

title = {Análisis Bayesiano de Modelos Jerárquicos Lineales},

year = {1998},

note = {Serie monografías, IIMAS},

organization = {Universidad Nacional Autónoma de México (UNAM)},
}



@Misc{GP16,

author = {Gutiérrez Peña, Eduardo},

title = {Presentación {I}ntroductioria al curso {M}étodos {E}stadísticos {B}ayesianos},

year = {2016},

note = {Departamento {A}cadémico de {E}stadística},

organization = {Instituto {T}ecnológico {A}utónomo de {M}éxico ({ITAM})},

}



@Article{Haigh14,

author = {Haigh, Thomas and Priestley, Mark and Rope, Crispin},

title = {Los Alamos Bets on ENIAC}, 

subtitle = {Nuclear Monte Carlo Simulations, 1947–1948},

journal = {IEEE Annals of the History of Computing},

year = {2014},

volume = {36},

issue = {3},

pages = {42-63},

}


@InCollection{Hainsworth16a,

author = {Hainsworth, Paul},

editor = {Hainsworth, Paul},

booktitle = {The Politics of the Extreme Right: From the Margins to the Mainstream},

chapter = {1},

title = {Introduction: the extreme right},

publisher = {Bloomsbury Academic},

origdate = {2000},

year = {2016},

pages = {1-17},

isbn = {978-1-4742-9095-1},

}


@InCollection{Hainsworth16b,

author = {Hainsworth, Paul},

editor = {Hainsworth, Paul},

booktitle = {The Politics of the Extreme Right: From the Margins to the Mainstream},

chapter = {2},

title = {The Front National: from ascendancy to fragmentation on the French extreme right},

publisher = {Bloomsbury Academic},

origdate = {2000},

year = {2016},

pages = {18-32},

isbn = {978-1-4742-9095-1},

}





@Article{Hastings70,

author = {Hastings, W.K.},

title = {Monte Carlo Sampling Methods Using Markov Chains and Their Applications},

journal = {Biometrika},

year = {1970},

volume = {57},

issue = {1},

month = {4},

pages = {97-109}

}


@Inbook{Heilbroner92,

author = {Heilbroner, Robert},

title = {The Worldy Philosphers},

subtitle = {The Lives, Times, and Ideas of the Great Economic Thinkers},

publisher = {Simon \& Schuster},

year = {1992},

edition = {6},

chapter = {The Inexorable System of Karl Marx},

}


@Misc{Hoare16,

author = {Hoare, Liam},

title = {Austria’s Incredibly Narrow Escape From Neo-Fascism},

organization = {Tablet Mag},

year = {2016},

month = {5},

url = {http://www.tabletmag.com/jewish-news-and-politics/202857/austrias-narrow-escape},

}


@Online{NUTS11,

author = {Hoffman, Matthew W. and Gelman, Andrew},

title = {The No-U-Turn Sampler},

subtitle = {Adaptively Setting Path Lengths

in Hamiltonian Monte Carlo},

year = {2011},

url = {https://arxiv.org/pdf/1111.4246},

note = {ArXiv e-print},

}


@Misc{Ifop14a,

author = {Ifop},

title = {Les frontières du Front: analyse sur la dynamique frontiste en milieu péri-urbain},

journal = {Focus},

month = {enero},

year = {2014},

url = {http://www.ifop.com/?option=com_publication&type=publication&id=676},

}



@Misc{Ifop14b,

author = {Ifop},

title = {Les enseignements de la poussée frontiste

au 1er tour des municipales},

journal = {Focus},

month = {marzo},

year = {2014},

url = {http://www.ifop.fr/?option=com_publication&type=publication&id=700},

}



@Misc{Ifop14c,

author = {Ifop},

title = {Premières analyses sur les résultats du FN au 2nd tour des municipales},

journal = {Focus},

month = {abril},

year = {2014},

url = {http://www.ifop.com/?option=com_publication&type=publication&id=708},

}



@Misc{InaPolitique97,

author = {{Ina Politique}},

title = {Marie Caroline Le Pen Mantes},

url = {"https://www.youtube.com/watch?v=pjaOlSbemHE"},

day = {2},

month = {7},

year = {2012},

note = {Consultado el 11 de noviembre de 2017},

}



@Article{Inglehart16,

author = {Inglehart, Ronald F. and Norris, Pipa},

title = {Trump, Brexit, and the Rise of Populism:

Economic Have-Nots and Cultural

Backlash},

journal = {Harvard Kennedy School Faculty Research Working Paper Series},

year = {2016},

month = {8},

}



@online{IMG107,

author = {{INSEE}},

title = {IMG1 – Population par sexe, âge, et situation quant à l'immigration},

year = {2007},

url = {https://www.insee.fr/fr/statistiques/2120456?sommaire=2402753},

}



@online{NAT3A07,

author = {{INSEE}},

title = {NAT3A – Population par sexe, catégorie socioprofessionnelle et nationalité},

year = {2007},

url = {https://www.insee.fr/fr/statistiques/2120357?sommaire=2402753},

}


@online{IMG2A12,

author = {{INSEE}},

title = {IMG2A – Population de 15 ans ou plus par sexe, âge, situation quant à l'immigration et type d'activité},

year = {2012},

url = {https://www.insee.fr/fr/statistiques/2046640?sommaire=2117804},

}


@online{NAT3A12,

author = {{INSEE}},

title = {NAT3A – Population par sexe, catégorie socioprofessionnelle et nationalité},

year = {2012},

url = {https://www.insee.fr/fr/statistiques/2120456?sommaire=2402753},

}






@online{FichaCenso,

author = {{INSEE}},

title = {Fiche thématique – La Précision des résultats du recensement},

month = {3},

year = {2017},

url = {https://www.insee.fr/fr/information/2383177},

}


@online{DefsCenso,

author = {{INSEE}},

title = {Définitions des concepts - Recensement de la population},

month = {7},

year = {2019},

url = {https://www.insee.fr/fr/information/2383278},

}






@Misc{Ivarsflaten14,

author = {Ivarsflaten, Elisabeth and Gudbransen, Froy},

title = {The populist radical right in Western Europe},

journal = {Europaworld},

year = {2014},

}


@Article{Kesselman79,

author = {Kesselman, Mark},

title = {Reviewed Work: The Silent Revolution: Changing Values and Political Styles Among Western Publics by Ronald Inglehart},

journal = {The American Political Science Review},

year = {1979},

volume = {73},

number = {1},

pages = {284-286},

month = {3},

url = {https://www.jstor.org/stable/pdf/1954818.pdf},

}


@Book{Kitschelt95,

author = {Kitschelt, Herbert},

title = {The Radical Right in Western Europe},

subtitle ={A Comparative Analysis},

publisher = {University of Michigan Press},

year = {1995},

}





@Online{Lambert18,

author = {Lambert, Ben},

title = {The intuition behind the Hamiltonian Monte Carlo algorithm},

organization = {Youtube},

year = {2018},

url = {https://www.youtube.com/watch?v=a-wydhEuAm0},

}

@Book{LeBras15,

author = {Le Bras, Hervé},

title = {Le Pari du FN},

publisher = {Éditions Autrement},

year = {2015},

month = {10},

isbn = {978-2-7467-4126-3},

}


@Book{LeBras16,

author = {Le Bras, Hervé},

title = {Le nouvel ordre électoral},

subtitle = {Tripartisme contre démocracie},

publisher = {Éditions du Seuil et La République des idées},

year = {2016},

month = {3},

isbn = {978-2-02-130028-4},

}



@Book{Lee12,

	author = {Lee, Peter M.},

	title = {Bayesian statistics},

	subtitle = {an introduction},

	year = {2012},

	pagetotal = {462},

	publisher = {John Wiley \& Sons Ltd.},

	edition = {4},

	isbn = {978-1-118-33257-3},

}


@Misc{LePen16,

author = {{Le Monde}},

title = {Marine Le Pen prône la fin de l’éducation gratuite pour les enfants étrangers},

year = {2016},

month = {11},

url = {http://www.lemonde.fr/election-presidentielle-2017/article/2016/12/08/marine-le-pen-prone-la-fin-de-l-education-gratuite-pour-les-enfants-etrangers_5045648_4854003.html},

}




@Misc{LeParisien13,

author = {{Le Parisien}},

title = {Marine Le Pen : les origines du FN ne sont «absolument pas» à l'extrême droite},

url = {"http://www.leparisien.fr/politique/marine-le-pen-les-origines-du-fn-ne-sont-absolument-pas-a-l-extreme-droite-03-10-2013-3192605.php"},

day = {3},

month = {10},

year = {2013},

}

@Misc{ViePublique01,

author = {Le Pen, Jean Marie},

title = {Déclaration de M. Jean-Marie Le Pen, président du Front national et candidat à l'élection présidentielle de 2002 sur le terrorisme, l'identité nationale, l'immigration, le manque de sécurité, son programme électoral pour l'élection présidentielle de 2002},

url = {"http://discours.vie-publique.fr/notices/013003238.html"},

day = {23},

month = {09},

year = {2001},

}

@Misc{Leprince16,

author = {Leprince, Chloé},

title = {``Establishment'', une béquille lexicale populiste de Jean-Marie Le Pen à Donald Trump},

year = {2016},

month = {10},

url = {https://www.franceculture.fr/emissions/le-mot-de-la-semaine/establishment-une-bequille-lexicale-populiste-de-jean-marie-le-pen},

}





@Misc{LesEchos99,

author = {{Les Echos}},

title = {La condamnation de Le Pen à un an d'inéligibilité confirmée},

url = {"https://www.lesechos.fr/24/11/1999/LesEchos/18032-181-ECH_la-condamnation-de-le-pen-a-un-an-d-ineligibilite-confirmee.htm"},

day = {24},

month = {11},

year = {1999},

note = {Consultado el 11 de noviembre de 2017},

}


@Misc{Fascista16,

title = {Letras Libres},

issuetitle = {Fascista Americano},

number = {214},

year = {2016},

month = {10},

url = {http://www.letraslibres.com/mexico/revista/fascista-americano},

}



@Article{Linz90,

author = {Linz, Juan J.},

title = {The Perils of Presidentialism},

journal = {Journal of Democracy},

publisher = {The Johns Hopkins University Press},

year = {1990},

volume = {1},

issue = {1},

pages = {51-69},

}


@Misc{LObs07,

author = {{L'Obs}},

title = {Le programme de Jean-Marie Le Pen},

url = {"https://www.nouvelobs.com/politique/elections-2007/20070224.OBS4060/le-programme-de-jean-marie-le-pen.html"},

day = {27},

month = {08},

year = {2007},

note = {Consultado el 26 de marzo de 2018},

}



@Misc{Parisien16,

author = {Lombart, Gaël},

title = {Présidentielle : et si deux candidats arrivaient à égalité...},

year = {2016},

month = {12},

day = {31},

url = {"http://www.leparisien.fr/elections/presidentielle/pratique/presidentielle-et-si-deux-candidats-arrivaient-a-egalite-28-12-2016-6502290.php"},

note = {Consultado el 7 de enero de 2018},

}


@InCollection{Mammone12,

author = {Mammone, Andrea and Godin, Emmanuel and Jenkins, Brian},

editor = {Mammone, Andrea and Godin, Emmanuel and Jenkins, Brian},

booktitle = {Mapping the Extreme Right in Contemporary Europe: From local to transnational},

title = {Introduction: mapping the `right of the mainstream right' in contemporary Europe},

publisher = {Routledge},

year = {2012},

pages = {1-14},

}


@Misc{Marin17,

author = {Marin, Grégory},

title = {Front national. Sylvain Crépon: «Les cadres du parti le disent, leur avenir est à droite»},

day = {23},

month = {6},

year = {2017},

url = {https://www.humanite.fr/front-national-sylvain-crepon-les-cadres-du-parti-le-disent-leur-avenir-est-droite-637922},

note = {Entrevista a Sylvain Crépon. Consultado el 12 de noviembre de 2017.},

}




@Article{Marrani09,

author = {Marrani, David},

title = {Semi-Presidentialism à la française},

subtitle = {the Recent Constitutional Evolution of the Two Headed Executive},

journal = {Constitutional Forum},

year = {2009},

volume = {18},

issue = {2},

pages = {55-67},

}




@Article{MayerMichelat81,

author = {Mayer, Nonna and Michelat, Guy},

title = {Les choix électoraux des petits commerçants et artisans en

1967},

subtitle = {L'importance des variables contextuelles},

journal = {Revue française de sociologie},

year = {1981},

volume = {22},

issue = {4},

pages = {503-521},

}


@Article{MayerBoy97,

author = {Mayer, Nonna and Boy, Daniel},

title = {Les `variables lourdes' en sociologie électorale},

journal = {Enquête: anthropologie, histoire, sociologie},

year = {1987},

volume = {5},

pages = {109-122},

}


@Article{MayerPerrineau90,

author = {Mayer, Nonna and Perrineau, Pascal},

title = {Pourquoi votent-ils pour le Front national?},

journal = {Pouvoirs- Revue française d'études constitutionnelles et politiques},

year = {1990},

volume = {55},

pages = {163-184},

}


@Article{Mayer87,

author = {Mayer, Nonna},

title = {De Passy à Barbès},

subtitle = {Deux visages du vote Le Pen à Paris},

journal = {Revue française de science politique},

year = {1987},

volume = {37},

issue = {6},

pages = {891-906},

}


@Article{Mayer05,

author = {Mayer, Nonna},

title = {Votes populaires, votes populistes},

journal = {Hermès, La Revue-Cognition, communication, politique},

year = {2005},

volume = {42},

pages = {161-166},

}


@Article{Mayer07,

author = {Mayer, Nonna},

title = {Comment Nicolas Sarkozy a rétréci l'électorat Le Pen},

journal = {Revue française de science politique},

year = {2007},

volume = {57},

issue = {3},

pages = {429-445},

}


@InCollection{Mayer15,

author = {Mayer, Nonna},

editor = {Mayer, Nonna},

title = {Le plafond de verre électoral entamé, mais pas brisé},

chapter = {13},

booktitle = {Les faux-semblants du Front National: sociologie d'un parti politique},

year = {2015},

publisher = {Presses de SciencesPo},

location = {Paris},

year = {2015},

pages = {297-322},

}



@Inbook{McElreath15,

author = {McElreath, Richard},

title = {Statistical Rethinking},

subtitle = {A Bayesian Course with Examples in R and Stan},

publisher = {CRC Press},

edition = {1},

isbn = {978-1482253443},

year = {2015},

chapter = {Multilevel Models},

pages = {355-386},

}






@Online{McElreath17,

author = {McElreath, Richard},

title = {Markov Chains: Why Walk When You Can Flow?},

year = {2017},

url = {http://elevanth.org/blog/2017/11/28/build-a-better-markov-chain/},

}



@Misc{Mendoza11,

author = {Mendoza, Manuel and Regueiro, Pedro},

title = {Estadística Bayesiana},

year = {2011},

note = {Departamento {A}cadémico de {E}stadística},

organization = {Instituto {T}ecnológico {A}utónomo de {M}éxico ({ITAM})},

}

@Misc{LeMonde12,

author = {Mestre, Abel},

title = {Le FN n'est plus le même, mais a-t-il vraiment changé?},

url = {"http://www.lemonde.fr/culture/article/2012/09/20/le-front-national-n-est-plus-le-meme-mais-a-t-il-vraiment-change_1763234_3246.html"},

day = {20},

month = {09},

year = {2012},

note = {Consultado el 26 de marzo de 2018},

}




@Article{MetropolisUlam49,

author = {Metropolis, Nicholas and Ulam, Stanislaw},

title = {The Monte Carlo Method},

journal = {Journal of the American Statistical Association},

year = {1949},

volume = {44},

issue = {247},

pages = {335-341},

}





@Article{Metropolis53,

author = {Metropolis, Nicholas and Rosenbluth, Arianna and Rosenbluth, Marshall and Teller, Augusta and Teller, Edward},

title = {Equation of State Calculations by Fast Computing Machines},

journal = {Journal of Chemical Physics},

year = {1953},

volume = {21},

issue = {6},

month = {6},

pages = {1087-1092},

}


@Article{Metropolis87,

author = {Metropolis, Nicholas},

title = {The beginning of the Monte Carlo Method},

journal = {Los Alamos Science},

year = {1987},

pages = {125-130},

note = {Special issue dedicated to Stan Ulam},

}



@Misc{Milanovic16,

author = {Milanovic, Branko},

title = {The greatest reshuffle of individual incomes since the Industrial Revolution},

organization = {VOX CEPR},

year = {2016},

month = {7},

url = {http://voxeu.org/article/greatest-reshuffle-individual-incomes-industrial-revolution},

}


@Misc{InterieurElecc,

author = {{Ministère de l'Intérieur}},

title = {Les différentes élections},

year = {2011},

month = {9},

day = {26},

url = {"https://www.interieur.gouv.fr/fr/Elections/Les-elections-en-France/Les-modalites-d-elections/Les-differentes-elections"},

note = {Consultado el 6 de enero de 2018},

}

@online{PresFr07,

author = {{Ministère de l'Intérieur}},

title = {Election présidentielle 2007 – Résultats par bureaux de vote},

year = {2015},

url = {https://www.data.gouv.fr/fr/datasets/election-presidentielle-2007-resultats-par-bureaux-de-vote/},

}

@online{LegisFr07,

author = {{Ministère de l'Intérieur}},

title = {Election législatives 2007 – Résultats par bureaux de vote},

year = {2015},

url = {https://www.data.gouv.fr/fr/datasets/elections-legislatives-2007-resultats-par-bureaux-de-vote/},

}

@online{PresFr12,

author = {{Ministère de l'Intérieur}},

title = {Election présidentielle 2012 – Résultats par bureaux de vote},

year = {2015},

url = {https://www.data.gouv.fr/fr/datasets/election-presidentielle-2012-resultats-par-bureaux-de-vote-1/},

}


@online{LegisFr12,

author = {{Ministère de l'Intérieur}},

title = {Election législatives 2012 – Résultats par bureaux de vote},

year = {2015},

url = {https://www.data.gouv.fr/fr/datasets/elections-legislatives-2012-resultats-par-bureaux-de-vote/},

}







@Book{MoodGraybill74,

	author = {Mood, Alexander M. and Graybill, Franklin A. and Boes, Duane C.},

	title = {Introduction to the Theory of Statistics},

	year = {1974},

	pagetotal = {564},

	publisher = {McGraw Hill},

	edition = {3},

	isbn = {978-0-07-085465-9},

}

@Inbook{Moore66,

author = {Moore, Barrington},

title = {Social origins of dictatorship and democracy},

subtitle = {Lord and Peasant in the Making of the Modern World},

publisher = {Beacon Press},

year = {1966},

location = {Boston},

chapter = {Revolution from Above and Fascism},

pages = {433-452},

}

@InBook{Mudde07a,

author = {Mudde, Cas},

booktitle = {Populist Radical Right Parties in Europe},

title = {Constructing a conceptual framework},

chapter = {1},

publisher = {Cambridge University Press},

year = {2007},

pages = {11-31},

isbn = {978-0-521-61632-4},

}


@Misc{Mudde16,

author = {Mudde, Cas},

title = {The Study of Populist Radical Right Parties},

subtitle = {Towards a Fourth Wave},

year = {2016},

volume = {1},

note = {Center for Research on Extremism, University of Oslo},

}



@Misc{Mudde17,

author = {Mudde, Cas},

title = {Brexit, Trump, and Five (Wrong) Lessons About ‘The Populist Challenge’},

day = {6},

month = {12},

year = {2017},

url = {https://www.huffingtonpost.com/cas-mudde/brexit-trump-and-five-wro_b_12801832.html},

}



@Misc{MuddeCambridge17,

author = {Mudde, Cas},

title = {Why nativism, not populism, should be declared word of the year},

day = {7},

month = {12},

year = {2017},

url = {https://www.theguardian.com/commentisfree/2017/dec/07/cambridge-dictionary-nativism-populism-word-year},

}



@Book{MuddeRovira17,

author = {Mudde, Cas and Rovira Kaltwasser, Cristóbal},

title = {Populism},

subtitle = {A Very Short Introduction},

year = {2017},

publisher = {Oxford University Press},

isbn = {9780190234874},

}

@Misc{Mudde18,

author = {Mudde, Cas},

title = {Why is the far right dominated by men?},

day = {17},

month = {8},

year = {2018},

url = {https://www.theguardian.com/commentisfree/2018/aug/17/why-is-the-far-right-dominated-by-men},

}



@Misc{Muller14,

author = {Müller, Peter},

title = {Notas del curso de Bioestadística Bayesiana},

year = {2014},

note = {II Escuela Latinoamericana de Estadística Bayesiana},

organization = {Universidad Autónoma de Quintana Roo},

}



@Misc{Neal93,

author = {Neal, Radford M.},

title = {Probabilistic Inference Using Markov Chain Monte Carlo Methods},

year = {1993},

note = {Technical Report CRG-TR-93-1},

organization = {University of Toronto},

}


@Inbook{Neal11,

author = {Neal, Radford M.},

title = {Handbook of Markov Chain Monte Carlo},

publisher = {Chapman \& Hall/CRC},

edition = {1},

isbn = {978-1420079418},

year = {2011},

chapter = {MCMC Using Hamiltonian Dynamics},

pages = {113-162},

}



@Article{NelderWedderburn72,

author = {Nelder, J.A. and Wedderburn, R.W.M.},

title = {Generalized Linear Models},

journal = {Journal of the Royal Statistical Society},

publisher = {Wiley},

year = {1972},

volume = {135},

issue = {3},

pages = {370-384},

}


@Misc{Nieto16,

author = {Nieto Barajas, Luis Enrique},

title = {Regresión Avanzada},

subtitle = {con enfoque Bayesiano},

year = {2016},

note = {Maestría en Ciencia de Datos},

organization = {Instituto {T}ecnológico {A}utónomo de {M}éxico ({ITAM})},

}


@Misc{BBC17,

author = {Nowak, Marysia and Branford, Becky},

title = {France elections: What makes Marine Le Pen far right?},

day = {10},

month = {2},

year = {2017},

url = {https://www.bbc.com/news/world-europe-38321401},

}




@Book{Olzak92,

author = {Olzac, Susan},

title = {Dynamics of Ethnic Competition and Conflict},

publisher = {Stanford University Press},

year = {1992},
}


@Thesis{Ortiz12,

author = {Ortiz Mancera, María Teresa},

title = {Análisis bayesiano de desempeño escolar de acuerdo con los resultados de la prueba {ENLACE}},

type = {Tesis para obtener el grado de {L}icenciada en {M}atemáticas {A}plicadas},

institution = {Instituto {T}ecnológico {A}utónomo de {M}éxico ({ITAM})},

year = {2012},

pagetotal = {82},

}




@Book{Owen13,

author = {Owen, Art},

title = {Monte Carlo theory, methods and examples},

year = {2013},

pagetotal = {286},

note = {Sin publicar},

url = {http://statweb.stanford.edu/~owen/mc/},

}


@Article{Perrineau99,

author = {Perrineau, Pascal},

title = {La peculiaridad de la extrema derecha francesa en Europa},

journal = {Foro Internacional},

year = {1999},

volume = {155},

issue = {1},

pages = {5-16},

}


@Misc{Perrineau07,

author = {Perrineau, Pascal},

title = {Qui sont les électeurs potentiels de Jean-Marie Le Pen?},

year = {2007},

note = {Reporte sobre el Barómetro político francés 2007},

}


@Misc{Perrineau12,

author = {Perrineau, Pascal},

title = {La renaissance électorale de l'électorat frontiste},

year = {2012},

note = {Centre de recherches politiques de Sciences Po},

}




@Book{Petersen02,

author = {Petersen, Roger D.},

title = {Understanding {E}thnic Violence},

subtitle = {Fear, {H}atred, and {R}esentment in {T}wentieth-{C}entury {E}astern {E}urope},

year = {2002},

publisher = {Cambridge University Press},

isbn = {9780521007740},

}



@Misc{Pulskamp09,

author = {Pulskamp, Richard J.},

title = {Correspondence regarding the Art of Conjecturing},

year = {2009},

note = {Reporte de la correspondencia escrita entre Gottfried Leibniz y Jakob Bernoulli entre abril de 1703 y abril de 1705.},

url = {https://www.cs.xu.edu/math/Sources/JakobBernoulli/jakob%20and%20leibniz.pdf},

}

@Misc{Rae16,

author = {Rae, Alasdair},

title = {What can explain Brexit?},

day = {25},

month = {6},

year = {2016},

url = {http://www.statsmapsnpix.com/2016/06/what-can-explain-brexit.html},

}




@Book{Ragheb13,

author = {Ragheb, Magdi},

title = {Monte Carlo Simulation},

subtitle = {Science and Engineering Aplications},

year = {2013},

note = {Lecture notes for Monte Carlo Simulation course tought at the University of Illinois at Urbana-Champaign},

url = {http://mragheb.com/NPRE%20498MC%20Monte%20Carlo%20Simulations%20in%20Engineering/},

}


@Thesis{Regueiro12,

author = {Regueiro Martínez, Pedro},

title = {Análisis jerárquico bayesiano del futbol mexicano},

type = {Tesis para obtener el grado de {L}icenciado en {M}atemáticas {A}plicadas},

institution = {Instituto {T}ecnológico {A}utónomo de {M}éxico ({ITAM})},

year = {2012},

pagetotal = {112},

}


@Misc{Rincon12,

author = {Rincón, Luis},

title = {Introducción a los procesos estocásticos},

year = {2012},

note = {Notas para los cursos de procesos estocásticos en la Facultad de Ciencias de la UNAM.},

}



@Article{Riviere12,

author = {Rivière, Jean and Colange, Céline and Bussi, Michel and Cautrès, Bruno and Freire-Diaz, Sylviano and Jadot, Anne},

title = {Des contrastes électoraux intra-régionaux aux clivages intra-urbains},

subtitle = {Éléments sur le scrutin régional de

2010 dans le Nord–Pas-de-Calais},

journal = {Territoire en mouvement},

year = {2012},

volume = {16}

}



@Book{Robert07,

	author = {Robert, Christian P.},

	title = {The Bayesian Choice},

	subtitle = {From Decision-Theoretic Foundations to Computational Implementation},

	year = {2007},

	pagetotal = {602},

	publisher = {Springer},

	location = {New York},

	edition = {2},

	isbn = {978-0-387-71598-8},

}


@Book{RobertCasella10,

	author = {Robert, Christian P. and George Casella},

	title = {Introducing Monte Carlo Methods with R},

	year = {2010},

	pagetotal = {283},

	publisher = {Springer},

	isbn = {978-1-4419-1575-7},

}




@Article{RobertCasella11,

author = {Robert, Christian and Casella, George},

title = {A Short History of Markov Chain Monte Carlo},

subtitle = {Subjective Recollections from Incomplete Data},

journal = {Statistical Science},

year = {2011},

volume = {26},

issue = {1},

pages = {102-115},

}



@Article{Robert15,

author = {Robert, Christian P.},

title = {The Metropolis-Hastings algorithm},

journal = {ArXiv e-prints},

eprint = {1504.01896},

year = {2015},

month = {4},

url = {https://arxiv.org/abs/1504.01896},

}



@Online{Rogozhnikov16,

author = {Rogozhnikov, Alex},

title = {Hamiltonian Monte Carlo explained},

year = {2016},

url = {http://arogozhnikov.github.io/2016/12/19/markov_chain_monte_carlo.html},

}



@Book{Ross96,

author = {Ross, Sheldon M.},

title = {Stochastic Processes},

year = {1996},

pagetotal = {510},

edition = {2},

publisher = {John Wiley \& Sons},

isbn = {0-471-12062-6},

}


@Book{Ross10,

	author = {Ross, Sheldon M.},

	title = {A First Course in Probability},

	year = {2010},

	pagetotal = {530},

	publisher = {Prentice Hall},

	edition = {8},

	isbn = {978-0-13-603313-4},

}


@Book{Ross13,

	author = {Ross, Sheldon M.},

	title = {Simulation},

	year = {2013},

	pagetotal = {310},

	publisher = {Academic Press},

	edition = {5},

	isbn = {978-0-12-415825-2},

}




@Article{Seneta13,

author = {Seneta, Eugene},

title = {A Tricentenary history of the Law of Large Numbers},

journal = {Bernoulli},

year = {2013},

volume = {19},

issue = {4},

pages = {1088-1121},

url = {https://arxiv.org/pdf/1309.6488.pdf},

}


@Article{Sewell92,

author = {Sewell Jr., William H},

title = {A Theory of Structure: Duality, Agency, and Transformation},

journal = {American Journal of Sociology},

year = {1992},

volume = {98},

number = {1},

pages = {1-29},

month = {7},

url = {http://www.jstor.org/stable/pdf/2781191.pdf},

}


@Misc{Sides16,

author = {Sides, John and Tesler, Michael},

title = {How political science helps explain the rise of Trump (part 3): It’s the economy, stupid},

organization = {The Washington Post},

url = {https://www.washingtonpost.com/news/monkey-cage/wp/2016/03/04/how-political-science-helps-explain-the-rise-of-trump-part-3-its-the-economy-stupid/?utm_term=.dd546463a844},

day= {4},

month = {3},

year = {2016},

}


@Misc{Silver16,

author = {Silver, Nate},

title = {Education, Not Income, Predicted Who Would Vote For Trump},

organization = {FiveThirtyEight},

year = {2016},

month = {11},

url = {http://fivethirtyeight.com/features/education-not-income-predicted-who-would-vote-for-trump/},

}




@Online{TuitSimpson18,

author = {Simpson, Dan},

title = {Discusión respecto al muestreador específico de Stan},

organization = {Twitter},

year = {2018},

url = {https://twitter.com/dan_p_simpson/status/1034099024486432770},

}



@Online{BlogSimpson,

author = {Simpson, Dan},

title = {Justify my love},

year = {2018},

url = {https://statmodeling.stat.columbia.edu/2018/04/03/justify-my-love/},

}


@Misc{Nozer17,

author = {Singpurwalla, Nozer D.},

title = {Subjective Probability: Its Axioms and Acrobatics},

year = {2017},

month = {6},

day = {16},

note = {Conferencia magistral dentro del International Workshop on Perspectives on

High Dimensional Data VII (HDDA VII)},

organization = {Centro de Investigación en Matemáticas ({CIMAT})},

url = {http://hddavii.eventos.cimat.mx/sites/hddavii/files/Nozer_Singpurwalla.pdf},

}

@Article{Skocpol79,

author = {Skocpol, Theda},

title = {Old Regimes and Revolutionary Crises in France, Russia, and China},

journal = {Theory and Society},

year = {1979},

volume = {7},

number = {1},

pages = {7-95},

month = {1},

note = {Edición especial doble sobre el Estado y la Revolución},

url = {"http://www.jstor.org/stable/656999?origin=JSTOR-pdf"},

}




@Article{SmithGelfand92,

author = {Smith, A.F.M. and Gelfand, A.E.},

title = {Bayesian Statistics without Tears},

subtitle = {A Sampling-Resampling Perspective},

journal = {The American Statistician},

year = {1992},

volume = {46},

issue = {2},

pages = {84-88},

}


@Article{SmithRoberts93,

author = {Smith, A.F.M. and Roberts, G.O.},

title = {Bayesian Computation Via the Gibbs Sampler and Related Markov Chain Monte Carlo Methods},

journal = {Journal of the Royal Statistical Society},

year = {1993},

volume = {55},

issue = {1},

pages = {3-23},

}


@Misc{Sputnik17,

author = {Sputnik},

title = {Austria's FPO Leader: 'We Are Not Extreme Right Party'},

url = {"https://sputniknews.com/europe/201710251058522359-austria-strache-fpo-ovp-coalition/"},

day = {25},

month = {10},

year = {2017},

note = {Consultado el 30 de octubre de 2017},

}


@Misc{Stan17,

author = {{Stan Development Team}},

title = {Stan Modeling Language: User's Guide and Reference Manual},

year = {2017},

note = {Version 2.17.0},

url = {https://mc-stan.org/},

}



@Book{Stockemer17,

author = {Stockemer, Daniel},

title = {The Front National in France},

subtitle = {Continuity and Change Under Jean-Marie Le Pen and Marine Le Pen},

publisher = {Springer},

year = {2017},

isbn = {978-3-319-49639-9},

}


@Book{TaylorKarlin84,

author = {Taylor, Howard M. and Karlin, Samuel},

title = {An introduction to stochastic modeling},

year = {1984},

pagetotal = {631},

edition = {3},

publisher = {Academic Press},

isbn = {978-0-12-684887-8},

}


@Misc{Tesler16,

author = {Tesler, Michael},

title = {Economic anxiety isn’t driving racial resentment. Racial resentment is driving economic anxiety.},

organization = {The Washington Post},

url = {https://www.washingtonpost.com/news/monkey-cage/wp/2016/08/22/economic-anxiety-isnt-driving-racial-resentment-racial-resentment-is-driving-economic-anxiety/?utm_term=.b93b1dde31b4},

day = {22},

month = {8},

year = {2016},

}


@Misc{Uribe16,

author = {Uribe Coughlan, Alexandra},

title = {Política Comparada},

year = {2016},

note = {Curso del Departamento de Ciencia Política del ITAM para el semestre de otoño.},

}




@Thesis{Usi14,

author = {Usi López, María Andrea},

title = {Análisis bayesiano de la influenza en México},

type = {Tesis para obtener el grado de {L}icenciada en {M}atemáticas {A}plicadas},

institution = {Instituto {T}ecnológico {A}utónomo de {M}éxico ({ITAM})},

year = {2014},

pagetotal = {214},

}



@Article{Valentino13,

author = {Valentino, Nicholas and Brader, Ted and Jardina, Ashley},

title = {Immigration Opposition Among U.S. Whites: General Ethnocentrism or Media Priming of Attitudes About Latinos?},

journal = {Political Psychology},

year = {2013},

volume = {34},

number = {2},

doi = {10.1111/j.1467-9221.2012.00928.x},

pages = {149-166},

}



@Online{Vehtari16,

author = {Vehtari, Aki and Gelman, Andrew and Gabry, Jonah},

title = {Practical Bayesian model evaluation using leave-one-out cross-validation and WAIC},

year = {2016},

url = {https://arxiv.org/pdf/1507.04544},

note = {ArXiv e-print},

}


@Article{Veser99,

author = {Veser, Ernst},

title = {Semi-presidentialism-Duverger's Concept},

subtitle = {A new political system model},

journal = {Journal of Social Sciences and Philosphy},

publisher = {Research Center for Humanities and Social Sciences},

year = {1999},

volume = {11},

issue = {1},

pages = {39-60},

}


@Misc{ViePublique,

author = {{Vie Publique}},

title = {Le président de la République},

url = {"http://www.vie-publique.fr/decouverte-institutions/institutions/fonctionnement/president-republique/"},

note = {Consultado el 6 de enero de 2018},

}




@Misc{vonNeumann47,

author = {{von Neumann}, John and Richtmayer, Robert D.},

title = {Statistical methods in neutron diffusion},

year = {1947},

note = {Correspondencia escrita entre von Neumann y Richtmyer en 1947 a propósito del método estadístico propuesto por Stan Ulam.},

}



@InCollection{Williams12,

author = {Williams, Michelle Hale},

editor = {Mammone, Andrea and Godin, Emmanuel and Jenkins, Brian},

booktitle = {Mapping the Extreme Right in Contemporary Europe: From local to transnational},

title = {Downside after the summit: Factors in extreme-right party decline in France and Austria},

chapter = {16},

publisher = {Routledge},

year = {2012},

pages = {254-269},

}


@Article {YangRdz13,

author = {Yang, Ziheng and Rodríguez, Carlos E.},

title = {Searching for efficient Markov chain Monte Carlo proposal kernels},

journal = {Proceedings of the National Academy of Sciences},

year = {2013},

publisher = {National Academy of Sciences},

url = {https://www.pnas.org/content/early/2013/11/06/1311790110},

}



@Misc{Zafimehy17,

author = {Zafimehy, Marie},

title = {Florian Philippot quitte le Front National: retour sur un désamour en 6 dates},

day = {21},

month = {9},

year = {2017},

url = {http://www.rtl.fr/actu/politique/florian-philippot-quitte-le-front-national-retour-sur-un-desamour-en-6-dates-7790176224},

note = {Consultado el 12 de noviembre de 2017.},

}



@Article{Zepeda15,

author = {Zepeda Herrera, Fernando Antonio},

title = {Sobre la conexión estadística de Gauss y Galton},

journal = {Laberintos e Infinitos},

publisher = {ITAM},

year = {2015},

volume = {2},

issue = {37},

pages = {26-30},

}


@Misc{Zepeda18,

author = {Zepeda Herrera, Fernando Antonio},

title = {Modelo de agregación de encuestas},

year = {2018},

note = {Resumen metodológico del modelo de agregación de encuestas para la elección presidencial de México para el periodo 2018-2024},

organization = {Numérika},

url = {https://www.numerika.mx/spanish/elecciones-2018/poll-of-polls/},

}





