@thesis{TesisAct,
author = {Zepeda Herrera, Fernando Antonio},
title = {Análisis y modelado bayesiano de las configuraciones sociales del Front National en las elecciones presidenciales de 2012},
type = {Tesis para obtener el grado de {L}icenciado en {A}ctuaría},
institution = {Instituto {T}ecnológico {A}utónomo de {M}éxico ({ITAM})},
location = {Ciudad de {M}éxico},
year = {2019},
}


@online{Francisco,
author = {Francisco},
title = {Homilía en la Santa Misa por el progreso de los pueblos},
year = {2019},
url = {http://w2.vatican.va/content/francesco/es/homilies/2019/documents/papa-francesco_20190906_omelia-mozambico.html},
note = {Estadio de Zimpeto, Maputo, Mozambique},
month = {9},
}
